2032 3202
796 124 1138 167 -Xlx—

126 254 382 302 Thesauro
426 267 556 302 nouo
602 251 872 300 latinitatis
927 250 1061 300 edito
1116 249 1179 297 ab
1234 249 1422 296 AMaio
1465 273 1531 281 —
1575 263 1684 297 esse
1723 263 1807 296 au-

123 332 227 377 tem
251 326 465 376 Osborni
487 326 805 374 Panormiam
844 340 882 373 s.
906 323 1004 372 XII
1043 323 1319 372 confectam
1359 322 1402 370 G
1426 322 1600 384 Meyer
1639 321 1808 370 docuit

124 401 270 449 MRh
311 401 452 448 1874
491 415 538 461 p.
567 401 669 447 179
705 425 774 431 —-
814 413 914 446 non
953 413 1011 445 ex
1049 397 1159 458 ipso
1197 395 1378 444 Plauto
1418 396 1635 458 repetita
1674 399 1805 444 sunt.

123 475 194 522 At
216 473 508 522 Vincentius
546 488 608 520 ne
647 472 825 520 habuit
863 470 1065 533 quidem
1090 473 1252 519 totam
1276 469 1606 532 Aululariam,
1645 484 1806 532 neque

123 552 228 596 tam
275 546 374 594 fuit
421 543 649 608 insanus,
699 549 758 593 ut
796 546 838 593 si
876 544 1158 606 habuisset,
1206 559 1325 591 uere
1363 543 1645 604 plautinam
1682 542 1808 590 iudi-

122 623 297 668 casset.
359 620 492 667 Nam
530 635 643 667 cum
678 634 780 668 non
818 633 928 667 esse
959 633 990 666 a
1022 617 1278 666 Sarsinate
1311 617 1622 678 conpositam
1644 615 1803 664 Aulu-

19 743 27 750 ,
121 694 300 742 lariam
337 693 446 755 ipse
476 693 639 742 Rutili
677 693 864 741 amicus
904 692 958 738 in
994 692 1204 754 prologo
1245 691 1392 752 dicat,
1433 691 1519 753 qui
1556 691 1687 738 hunc
1726 691 1809 738 uel

119 767 263 815 illum
299 767 605 816 uersiculum
653 767 768 814 inde
818 766 1135 827 depromeret
1183 764 1452 812 breuitatis
1500 764 1668 826 gratia
1705 779 1806 812 non

119 843 320 902 poterat
366 841 527 889 solum
574 840 662 889 sed
711 839 926 888 debebat
973 839 1182 887 solemni
1226 839 1313 889 illo
1353 838 1503 885 titulo
1541 838 1619 885 uti
1658 853 1805 900 quem

119 913 429 978 praebebant
472 915 612 962 libri:
668 915 721 962 at
767 913 852 976 qui
899 913 960 960 de
1005 912 1115 975 ipso
1154 913 1335 960 Plauto
1374 911 1532 959 uerba
1569 911 1802 975 faciebat,

122 990 163 1037 si
199 991 362 1037 totam
398 989 594 1051 legerat
629 987 854 1035 fabulam
891 986 1002 1034 fieri
1038 1001 1138 1034 non
1174 986 1342 1048 potuit
1378 988 1437 1033 ut
1459 985 1502 1033 is
1526 985 1659 1033 inter
1682 1000 1802 1033 uere

119 1062 372 1124 plautinas
412 1077 523 1110 eam
559 1062 792 1123 referret3
831 1061 925 1109 hoc
963 1063 1133 1109 tamen
1170 1060 1291 1107 fecit
1321 1059 1631 1107 Vincentius.
1698 1059 1808 1107 Iam
1892 1107 1895 1118 .

120 1135 453 1183 certissimum
490 1135 548 1183 fit
585 1136 731 1183 illum
767 1149 867 1183 non
904 1134 1003 1183 nisi
1034 1134 1279 1196 excerptis
1318 1148 1467 1181 usum
1505 1148 1615 1182 esse
1656 1135 1706 1181 et
1746 1149 1806 1181 ex

120 1209 443 1256 similitudine
499 1225 625 1272 quae
677 1208 945 1257 intercedit
998 1208 1132 1256 inter
1169 1207 1503 1255 Vincentiana
1550 1208 1701 1269 atque
1749 1222 1809 1255 ea

118 1298 245 1345 quae
291 1297 383 1331 nos
431 1298 491 1330 ex
527 1283 787 1345 DiezianO,
837 1282 1070 1330 PDaniel
1124 1297 1183 1329 ex
1237 1280 1284 1329 S.
1323 1280 1614 1329 Victoriano
1669 1283 1722 1328 et
1759 1280 1806 1329 S.

119 1355 427 1404 Gemasiano
465 1357 693 1419 protulit,
733 1359 784 1404 et
821 1356 937 1403 inde
978 1377 982 1382 ⁴
1025 1355 1128 1415 iod,
1165 1355 1255 1403 ubi
1279 1354 1517 1416 exemplis
1550 1370 1610 1402 ex
1630 1356 1806 1403 nostra

118 1429 372 1477 comoedia
407 1429 582 1492 petitis
613 1430 742 1476 hanc
773 1429 976 1476 illamue
1000 1444 1109 1476 rem
1130 1430 1332 1490 poterat
1354 1428 1625 1490 illustrare,
1664 1428 1807 1476 uelut

116 1503 169 1549 in
208 1518 335 1564 spec.
373 1503 595 1550 naturali
632 1502 796 1550 XXXI
821 1518 860 1550 c.
888 1504 991 1551 126
1033 1501 1395 1565 cynocephalos
1433 1502 1517 1549 uel
1548 1501 1641 1548 XV
1666 1517 1704 1549 c.
1731 1503 1803 1550 50

116 1576 519 1637 reprobationem
577 1576 737 1624 falsae
797 1576 1213 1638 constellationis,
1267 1575 1519 1623 Isidorum
1580 1576 1804 1638 aliosque

114 1649 282 1710 potius
324 1652 554 1698 auctores
594 1650 812 1712 adlegat.
890 1650 966 1697 Ea
1004 1652 1239 1711 excerpta
1277 1663 1404 1711 quae
1442 1649 1656 1711 fuerint,
1694 1652 1805 1697 tum

116 1722 315 1770 demum
355 1723 583 1786 sciemus,
625 1724 667 1771 si
707 1724 817 1785 quis
859 1724 965 1771 siue
988 1723 1467 1771 Nostredamensem
1504 1723 1691 1770 librum
1721 1724 1804 1771 uel

115 1797 158 1844 si
198 1796 307 1858 quis
348 1799 486 1844 extat
522 1797 774 1845 uetustior
811 1797 950 1860 typis
990 1796 1325 1858 descripserit.
1464 1844 1467 1848 ,

261 1869 336 1916 Ex
372 1869 533 1919 isdem
570 1887 745 1919 rursus
787 1870 1050 1918 sententiis
1091 1886 1120 1918 a
1142 1870 1406 1918 Vincentio
1432 1871 1678 1932 excerptis
1717 1887 1802 1934 po-

114 1943 217 1990 tius
258 1958 408 2004 quam
455 1959 514 1991 ex
558 1945 671 2006 ipsa
714 1944 888 1992 fabula
927 1944 1108 1992 conicit
1146 1943 1363 1992 Orellius
1405 1944 1644 2010 selegisse
1682 1960 1801 1993 non-

113 2015 252 2062 nulla
282 2015 697 2078 Landulphum
729 2018 1018 2081 Sagacem
1053 2017 1122 2065 de
1155 2016 1443 2065 Columna
1476 2011 1545 2083 (c.
1571 2034 1613 2066 a.
1643 2020 1799 2082 1320,

112 2089 213 2136 uid.
255 2089 474 2137 Fabricii
511 2089 642 2139 Bibl.
683 2091 812 2140 med.
852 2095 904 2139 et
940 2091 1027 2139 inf.
1066 2092 1153 2139 lat.
1193 2094 1229 2139 t.
1268 2091 1342 2138 IV
1380 2109 1427 2153 p.
1470 2093 1574 2140 239
1616 2086 1707 2158 M.)
1746 2094 1800 2141 in

7 2170 10 2171 ’
111 2162 241 2210 libro
292 2163 549 2211 rarissimo
601 2165 680 2212 cui
729 2165 910 2213 titulus
963 2167 1040 2213 est
1078 2164 1401 2213 Breuiarium
1437 2166 1684 2214 historiale
1730 2168 1799 2217 ed.

111 2235 323 2284 Pictauz‘z'
362 2239 496 2284 1479
532 2238 586 2285 in
625 2238 679 2284 4ο
719 2231 842 2303 (uid.
882 2238 1040 2286 Ebert
1077 2238 1269 2286 lexicon
1307 2238 1541 2300 bibliogr.
1565 2254 1613 2287 n.
1642 2242 1798 2301 1170,

113 2302 192 2375 2).
230 2309 282 2357 id
322 2325 416 2372 ego
455 2325 556 2358 non
593 2311 712 2359 uidi.
787 2311 1032 2360 Pauciora
1086 2312 1241 2359 etiam
1281 2327 1429 2373 quam
1468 2312 1797 2374 Landulphus

0 2357 7 2410 ἓ
109 2382 243 2431 haud
298 2383 447 2431 dubie
502 2400 559 2431 ex
614 2385 788 2432 eodem
839 2385 978 2433 fonte
1018 2385 1155 2432 dedit
1201 2386 1246 2431 A
1257 2386 1315 2432 lb
1328 2401 1387 2432 er
1397 2388 1461 2432 tu
1474 2402 1496 2433 s
1552 2386 1583 2433 d
1593 2403 1620 2434 e
1666 2387 1707 2433 E
1717 2403 1752 2449 y
1762 2387 1795 2435 b

111 2450 174 2522 (c.
213 2471 255 2504 a.
301 2451 466 2523 1460)
512 2459 565 2504 in
603 2459 886 2519 Marqarita
914 2461 1104 2519 poetica
1143 2452 1241 2524 (ed.
1280 2459 1535 2507 Romanae
1578 2462 1717 2509 1475
1757 2461 1794 2509 f.

111 2523 270 2596 206⁰)
331 2530 595 2594 Argentin.
637 2547 680 2579 a.
724 2533 861 2580 1503
901 2532 936 2580 f.
977 2531 1288 2580 CCLXXVI
1289 2526 1310 2599 )
1349 2549 1467 2581 nam
1504 2534 1596 2582 hos
1635 2535 1793 2583 locos:
1860 2548 1863 2551 *

112 2603 160 2664 3,
186 2605 216 2651 6
297 2606 344 2668 6,
371 2606 400 2652 6
483 2607 566 2668 12,
594 2606 660 2653 18
702 2598 816 2670 (Vis
855 2606 963 2654 iure
1002 2606 1241 2653 h0n01em
1278 2607 1374 2655 tibi
1414 2600 1531 2673 etc.)
1613 2611 1789 2671 12,12

116 2676 197 2738 12,
239 2678 303 2726 13
386 2680 470 2738 12,
511 2681 578 2727 22
626 2679 786 2727 isdem
825 2679 1004 2741 quibus
1043 2679 1341 2729 Vincentius
1380 2681 1549 2729 uerbis
1591 2682 1791 2779 exhibet

113 2713 381 2812 eodemque
421 2752 607 2801 ordine.

1465 2983 1523 3027 b*
