2032 3202
49 270 74 321 -ζ
90 255 230 308 haec
266 272 365 307 uos
412 253 589 306 dicitis
642 252 846 304 nouelli
892 254 1052 320 atque
1096 251 1413 320 incipientes
1459 270 1602 306 nunc
1647 253 1791 305 mei?

51 321 53 326 ¹
86 327 324 391 'Quando
362 327 493 380 haec
531 326 732 379 discere
771 325 1034 394 potestis?
1075 325 1288 393 quando
1315 326 1389 377 810
1428 325 1791 396 intellegetis?

30 398 48 460 ἶ
91 401 310 470 quando
351 401 426 453 sic
465 399 762 452 docebitis?
811 397 1016 452 SYCOF
1055 397 1224 482 Atqui
1264 399 1309 451 si
1349 399 1501 467 80108,
1539 398 1794 453 Mandro-

88 492 255 544 gerus
293 476 492 541 noster,
531 473 686 541 quale
733 475 949 556 egomet
995 473 1265 525 somnium
1302 475 1460 524 nocte
1500 473 1602 525 hac
1641 473 1790 526 uidi?

40 559 42 561 ’
96 547 290 600 MAND.
343 546 444 599 Dic
485 547 706 599 obsecro
748 547 792 598 si
832 546 959 614 quid
999 548 1083 598 est
1121 546 1289 599 boni?
1353 541 1555 599 SYCOF.
1616 546 1791 600 Nocte
1827 558 1855 598 5

28 648 30 650 ·
84 621 197 674 ‘hac
218 620 469 674 uidebam
491 620 806 672 thesaurum
839 638 998 688 quem
1023 620 1370 687 sperabamus
1394 620 1552 672 nobis
1577 621 1792 673 uenisse

29 711 38 764 j
89 695 382 747 inmanus.
422 693 618 746 MAND.
659 692 798 754 Quid
821 693 973 745 tum?
1015 691 1222 745 SYCOF.
1261 693 1528 746 Videbam
1552 712 1616 746 ex
1639 698 1793 762 parte

89 767 309 821 solidos,
370 766 567 820 MAND.
628 766 718 819 Ah
756 766 901 819 istud
946 785 1058 819 non
1102 768 1292 834 placet.
1357 765 1563 820 SYCOF.
1616 767 1794 820 Erant

14 891 44 900 ,,
43 845 371 911 praeterea
393 841 634 893 uncinuli
657 841 878 908 hamati,
916 843 1134 910 torques
1175 843 1228 892 et
1259 842 1556 893 catenulae.
1594 840 1793 894 MAND.

96 914 196 967 Dic
243 933 466 983 quaeso,
517 914 699 983 aliqua
744 914 964 982 insuper
1009 932 1121 966 non
1162 915 1445 967 somniasti
1484 915 1699 967 uincula
1738 918 1793 968 et
1828 926 1885 966 10

0 982 15 1066 ἰ
91 989 354 1041 uerbera?
395 986 568 1040 SARD.
606 987 909 1040 Infaustum
948 988 1126 1040 hercle
1158 988 1448 1056 hominem,
1490 988 1666 1040 solum
1704 988 1792 1041 hic

0 1091 34 1118 ι
90 1080 208 1115 non
260 1062 399 1114 uidit
454 1079 734 1114 carcerem.
811 1060 925 1113 Ohe
979 1061 1142 1113 homo
1197 1062 1528 1130 prodigiose,
1584 1078 1683 1130 ego
1738 1065 1792 1114 te

99 1136 354 1187 iamnunc
394 1134 619 1203 explodo
660 1153 780 1186 cum
819 1135 997 1186 uerbis
1038 1135 1162 1187 tuis.
1237 1134 1411 1187 Nocte
1452 1136 1558 1187 ista
1597 1152 1696 1204 ego
1736 1135 1794 1187 in

0 1219 2 1230 '
38 1243 41 1248 ,
92 1209 300 1262 somnis
338 1208 498 1260 funus
536 1208 800 1260 uidebam.
840 1207 1036 1260 MAND.
1076 1207 1147 1260 Di
1185 1212 1239 1260 te
1273 1211 1490 1261 seruent
1527 1208 1616 1260 hic
1643 1210 1793 1261 bene.

39 1296 41 1298 ·
88 1280 271 1335 SARD.
316 1282 392 1334 Et
440 1300 541 1334 nos
580 1281 687 1351 ipsi
735 1282 898 1334 funus
937 1282 1069 1334 illud
1107 1283 1289 1334 nescio
1331 1301 1436 1350 quo
1476 1282 1794 1335 ferebamus,
1829 1292 1884 1332 15

92 1355 294 1408 MAND.
348 1354 577 1424 Optime.
640 1354 812 1407 SARD.
868 1355 1095 1423 Insuper
1134 1356 1298 1408 etiam
1338 1356 1664 1408 deflebamus
1706 1356 1796 1408 de-

23 1456 41 1497 g
95 1429 342 1482 functum
380 1429 533 1480 illum
573 1429 726 1497 quasi
766 1429 1001 1480 alienum
1039 1432 1238 1481 tamen.
1278 1428 1471 1481 MAND.
1511 1429 1694 1481 Audin
1732 1432 1794 1482 tu

37 1550 44 1556 .
94 1503 263 1555 istaec
324 1503 485 1554 stulte
538 1501 736 1554 homo?
808 1501 962 1554 Talia
1017 1505 1231 1571 egomet
1286 1503 1451 1554 etiam
1504 1503 1794 1555 manifesta

34 1611 35 1614 =
87 1577 239 1628 malo
288 1594 449 1645 quam
493 1578 588 1627 tua
636 1575 860 1628 somnia.
935 1575 1122 1628 Funus
1163 1576 1230 1627 ad
1267 1577 1531 1628 laetitiam
1571 1579 1791 1645 spectat,

95 1650 347 1702 lacrimae
373 1649 440 1701 ad
462 1649 630 1701 risum
653 1649 938 1717 pertinent,
956 1652 1009 1701 et
1033 1652 1306 1701 mortuum
1336 1668 1436 1702 nos
1461 1650 1791 1703 ferebamus:
1826 1661 1883 1700 20

17 1747 25 1767 ·-
94 1723 444 1775 manifestum
500 1726 580 1774 est
635 1722 903 1792 gaudium.
987 1722 1107 1792 Ego
1165 1726 1346 1775 autem
1406 1741 1585 1775 meum
1638 1724 1794 1776 uobis

23 1811 43 1850 ·-,
93 1797 331 1849 narrabo
387 1796 658 1849 somnium
703 1814 922 1863 prorsus
970 1796 1486 1849 manifestissimum.
1563 1796 1796 1850 Dicebat

20 1897 38 1925 r,
90 1871 279 1924 nescio
327 1870 446 1939 quis
494 1869 790 1923 somnianti
836 1872 993 1922 nocte
1040 1869 1141 1922 hac
1187 1870 1319 1922 mihi
1375 1871 1577 1923 seruari
1623 1871 1797 1923 mani-

97 1943 238 1996 festa
273 1943 398 2011 fide,
446 1961 545 1995 nec
592 1943 843 2011 cuiquam
898 1944 1053 1995 alteri
1092 1962 1406 1996 concessum
1446 1962 1562 1997 0880
1602 1963 1794 1997 aurum

23 2056 26 2058 v
97 2016 230 2068 illud
267 2016 506 2068 inuenire
542 2016 648 2068 nisi
687 2017 834 2068 mihi.
914 2015 1017 2069 Sed
1056 2017 1275 2086 insuper
1306 2017 1522 2070 adiecit:
1563 2036 1626 2070 ex
1673 2019 1792 2071 istis
1826 2027 1885 2068 25

33 2115 38 2121 ·
96 2090 292 2158 opibus
340 2089 443 2141 hoc
488 2089 865 2142 tantummodo
913 2090 1048 2142 mihi
1094 2092 1438 2159 profuturum
1485 2091 1628 2160 quod
1674 2110 1795 2144 con-

93 2163 418 2232 sumpsisset
479 2163 620 2232 gula.
691 2161 898 2215 SYCOF.
976 2162 1190 2231 Optime
1254 2164 1443 2233 edepol
1501 2166 1797 2218 somniasti.

18 2233 23 2236 Δ
96 2236 239 2298 Quid
286 2239 469 2288 autem
509 2235 654 2288 aliud
693 2237 1023 2305 quaerimus,
1068 2237 1176 2288 nisi
1214 2240 1427 2289 tantum
1467 2238 1610 2306 quod
1650 2238 1797 2290 suffi-

98 2310 214 2362 ciat
250 2310 431 2362 uentri
470 2311 524 2361 et
561 2309 760 2378 gulae?
802 2308 975 2361 SARD.
1015 2309 1244 2362 Pulchre
1285 2310 1473 2378 edepol
1498 2311 1798 2381 somniasti,

23 2571 35 2586 2,
216 2527 470 2575 5SrdrV
584 2530 1196 2586 7Ω.ὲ.11111(ᾶαῖ83)Ρ
1353 2533 1878 2598 8ῌο1ῼΡο111Ῡν

14 2599 17 2602 ’
99 2592 130 2632 9
159 2588 379 2643 preterea
408 2588 500 2632 LP
532 2589 540 2643 Ι
574 2587 755 2630 hamati
785 2586 917 2629 L¹V²
954 2590 1099 2631 amati
1129 2588 1305 2632 L²V¹P
1337 2588 1378 2635 i.
1410 2589 1622 2633 circula-ti
1657 2590 1736 2645 Rp
1788 2594 1796 2642 Ι

35 2693 41 2700 ‚
98 2643 359 2701 catenuless
387 2645 433 2688 P
580 2649 631 2687 10
661 2655 833 2698 quaeso
863 2643 1053 2699 uiryula
1081 2657 1219 2699 super
1248 2659 1277 2687 a
1306 2645 1487 2690 adiecta
1517 2646 1562 2690 L
1588 2654 1595 2702 Ι
1621 2646 1685 2689 011
1715 2647 1799 2703 (qu

33 2760 41 2770 ··
97 2741 165 2785 αῖ.
172 2743 269 2805 88.)
299 2742 346 2786 P
376 2741 470 2785 alia
502 2741 543 2784 G
685 2745 736 2784 12
772 2740 836 2784 Oe
868 2740 913 2783 L
944 2740 1044 2785 Ohe
1080 2741 1125 2785 V
1148 2742 1270 2786 hohe
1302 2744 1348 2787 P
1494 2747 1546 2787 14
1573 2742 1797 2787 insomnis

11 2827 28 2835 --
103 2813 140 2841 ω
168 2797 218 2840 111
247 2797 421 2840 somnis
449 2798 570 2844 Par
716 2801 767 2839 16
797 2795 937 2839 an
936 2797 1157 2894 ι709ὲί1110
1190 2798 1233 2842 S.
1265 2799 1299 2842 I.
1334 2812 1373 2843 e.
1406 2798 1693 2843 deflebamus
1723 2799 1798 2843 de-

24 2892 27 2893 .
96 2857 212 2897 sunt
240 2854 288 2898 P
451 2858 504 2897 19
533 2854 716 2909 spectat
746 2854 763 2901 s
768 2853 790 2894 t
819 2853 879 2895 al.
883 2852 980 2904 >V
1132 2860 1186 2899 20
1215 2854 1408 2899 lacrime
1447 2855 1489 2899 V
1642 2861 1697 2899 24
1717 2858 1799 2899 011-

9 2898 41 2974 ι’
101 2922 208 2951 rum
242 2908 287 2952 V
426 2913 480 2952 25
509 2908 645 2952 illum
675 2907 862 2963 LP¹R10
890 2908 1010 2951 illud
1045 2908 1149 2954 VP²
