2032 3202
733 142 783 147 -
849 115 1019 179 xxxv
1080 141 1134 147 -

0 238 34 308 ‘¹‘
87 242 139 290 in
178 242 383 290 ciuitate
423 242 486 289 ad
523 242 726 303 portum
766 240 864 288 sita
904 237 1026 300 [uid.
1067 238 1269 296 Queroli
1309 242 1402 287 act.
1435 241 1458 287 I
1499 257 1562 289 sc.
1592 245 1615 289 1
1649 245 1771 290 extr.

89 333 136 378 p.
165 319 211 378 7,
239 318 307 364 20
347 318 398 363 et
437 316 533 362 act.
557 314 634 362 III
674 329 737 362 sc.
765 316 798 361 4
836 330 883 375 p.
924 315 1010 375 42,
1038 314 1104 361 24
1144 328 1262 375 sqq„
1302 315 1410 360 tum
1449 318 1542 362 act.
1583 315 1608 362 Ι
1649 331 1712 363 66.
1740 319 1770 363 2

0 391 4 395 ’
86 407 133 451 p.
170 391 252 450 18,
295 391 376 438 11.
421 390 484 436 18
534 388 622 435 ubi
659 387 951 435 mercatoris
989 386 1312 435 transmarini
1352 390 1402 434 et
1440 389 1770 438 foeneratoris

87 463 309 510 aduenae
347 462 405 509 fit
442 459 670 522 mentio].
735 461 871 518 Quae
912 461 1138 523 apprime
1177 461 1476 509 conueniunt
1502 461 1674 511 Ostiae
1706 464 1770 511 ad

0 564 1 567 =
87 535 312 583 Tiberim
351 538 401 583 et
439 550 577 583 mare
619 535 759 597 sitae,
801 534 1200 596 quandoquidem
1238 535 1380 596 paria
1404 536 1550 596 plane
1592 537 1652 584 de
1692 553 1770 585 ea-

3 645 6 652 ,
84 609 196 658 116111
234 609 521 657 referuntur
560 609 693 671 apud
733 608 931 657 Sueton.
973 609 1032 656 de
1072 609 1275 656 Rhetor.
1316 623 1419 669 cap.
1466 613 1516 656 1:
1565 609 1765 659 Aestiuo

0 702 6 746 g
84 686 287 743 tempore
325 684 637 731 adolescentes
672 684 853 731 urbani
892 697 999 730 eum
1026 681 1210 731 Ostiam
1246 685 1500 738 uenissent,
1541 684 1655 732 litus
1691 687 1764 732 iu-

0 751 4 823 J
77 757 232 818 qressi
259 758 528 816 piscatores
566 757 803 805 trahentes
839 760 936 804 rete
959 757 1196 804 adierunt
1259 756 1386 803 Erat
1424 759 1594 805 autem
1618 757 1763 806 Ostia

0 882 2 886 ,
81 832 139 878 ut
191 830 371 879 ciuitas
427 830 789 892 amoenissima,
845 830 1263 892 quemadmodum
1316 833 1466 878 uocat
1517 831 1764 880 Minucius

0 918 6 940 ἐ
81 904 221 952 Felix
247 902 468 966 [Octauii
492 919 597 966 cap.
626 903 679 966 2]
720 905 794 952 ita
832 903 1021 952 deliciis
1060 894 1505 966 uoluptatibusque
1545 906 1766 953 omnium

0 971 5 995 ³
81 993 323 1040 generum
368 980 670 1040 opportuna,
739 994 835 1040 quo
883 978 1090 1039 proinde
1145 993 1422 1026 commeare
1476 979 1768 1027 deliciarum

81 1051 406 1099 fruendarum
458 1067 637 1100 caussa
691 1052 825 1100 ciues
882 1068 943 1098 111
946 1052 1064 1099 106111
1117 1052 1359 1100 lautiores
1415 1055 1466 1100 et
1526 1053 1769 1102 luxuriosi

0 1117 4 1189 ζ
80 1125 285 1186 perinde
309 1128 367 1174 ut
389 1126 540 1174 Baias
581 1126 738 1174 omnis
778 1126 1005 1173 luxuriae
1032 1126 1201 1174 sedem
1226 1126 1468 1174 solebant.
1520 1124 1767 1187 [quenal.

0 1233 2 1242 ,
78 1198 150 1246 ΧΙ
174 1200 266 1247 49:
306 1199 365 1246 de
403 1199 656 1248 luxurioso
697 1202 748 1247 et
779 1200 957 1262 guloso
982 1200 1203 1248 homine:
1242 1201 1325 1247 ubi
1339 1201 1570 1260 paullum
1591 1201 1766 1249 Nescio

79 1274 194 1339 quid
236 1277 452 1333 superest
500 1277 543 1321 et
570 1274 726 1334 pallet
769 1275 980 1334 foenoris
1017 1277 1199 1328 auctor,
1241 1273 1335 1334 Qui
1379 1278 1565 1322 uertere
1608 1276 1764 1323 solum

0 1386 4 1390 .
78 1346 240 1397 Baias
277 1350 321 1395 et
357 1348 423 1395 ad
463 1345 598 1396 Ostia
636 1352 850 1395 curi-wat.
905 1346 1108 1396 Sueten.
1143 1347 1279 1396 Nero
1320 1363 1425 1409 cap.
1454 1350 1543 1397 27:
1583 1351 1763 1408 quoties

82 1419 266 1468 Ostiam
313 1420 474 1468 Tiberi
518 1422 744 1479 deflueret
788 1425 874 1468 aut
911 1421 1166 1469 Baianum
1215 1423 1379 1468 sinum
1420 1425 1766 1482 praeternaui-

74 1497 227 1554 =earet,
278 1494 535 1554 dispositae
576 1508 670 1555 per
723 1495 867 1542 litora
917 1498 960 1542 et
1006 1497 1145 1555 ripas
1195 1495 1491 1543 deuersoriae
1541 1498 1768 1544 tabernae

71 1569 399 1628 parabantur.
478 1566 624 1629 caet]
702 1568 763 1615 In
808 1568 983 1630 primis
1023 1567 1196 1617 Ostiae
1243 1569 1487 1616 celebrari
1532 1586 1650 1618 uere
1696 1571 1767 1618 in-

0 1645 9 1704 ζ
79 1643 229 1688 eunte
270 1642 517 1690 sollennes
557 1642 664 1689 ludi
715 1642 944 1690 solebant
994 1643 1350 1690 certaminibus
1401 1644 1667 1692 naualibus
1716 1647 1768 1691 et

0 1758 10 1780 ff
76 1714 334 1763 natatibus
380 1716 433 1763 in
472 1731 602 1777 aqua
639 1716 854 1778 marina,
904 1718 1013 1763 tum
1052 1717 1243 1764 choreis
1284 1717 1525 1765 conuiuiis
1566 1720 1617 1766 et
1656 1733 1766 1765 can-

16 1815 18 1817 ·
74 1788 211 1836 tibus
250 1789 303 1835 in
339 1789 504 1837 insula
529 1789 767 1837 Tiberina
805 1790 869 1837 ad
894 1789 1090 1838 Ostiam
1131 1791 1495 1852 amoenissima,
1537 1792 1599 1838 ad
1640 1808 1764 1853 quos

76 1863 182 1923 ipse
223 1878 275 1910 se
301 1862 489 1912 Consul
527 1864 608 1911 vel
633 1863 846 1912 Praetor
868 1864 1122 1912 Romanus
1164 1879 1276 1911 cum
1314 1865 1499 1926 populo
1541 1868 1591 1913 et
1630 1866 1763 1927 prin-

0 1959 11 1990 1
75 1935 268 1997 cipibus
310 1937 532 1985 ciuitatis
579 1938 888 1999 conferebat,
942 1941 1000 1986 ut
1038 1953 1128 1986 nos
1177 1938 1426 1999 quondam
1466 1955 1524 1986 ex
1562 1939 1764 1987 Aethici

0 2002 10 2026 ''
78 2008 443 2071 Cosmographi
467 2013 518 2058 et
542 2009 724 2059 Suidae
747 2012 1050 2060 testimoniis
1076 2012 1385 2060 ostendimus
1425 2003 1762 2061 in‘Prooemio

0 2079 11 2108 '⁵
75 2082 140 2129 ad
179 2082 418 2145 Peruigil.
458 2084 582 2131 Ven.
635 2085 792 2132 secuti
838 2085 993 2134 Andr.
1040 2086 1300 2147 Riuinum,
1357 2087 1441 2147 qui
1497 2087 1762 2148 sigillatim

74 2158 146 2226 et·
163 2156 274 2203 fuse
315 2157 375 2204 de
415 2172 474 2204 ea
513 2157 832 2206 sollennitate
873 2160 979 2221 egit
1016 2159 1069 2206 in
1092 2159 1253 2207 Diatr.
1279 2161 1336 2207 de
1358 2161 1601 2208 Maiumis
1638 2161 1760 2207 Mai-

76 2229 262 2291 campis
311 2233 362 2278 et
406 2231 659 2278 Roncaliis
707 2247 811 2293 cap.
852 2233 951 2280 VII
997 2230 1029 2294 ξ
1070 2232 1142 2280 ΧΙ
1181 2249 1314 2295 seqq.
1392 2233 1451 2280 In
1495 2236 1640 2281 tanta
1687 2235 1760 2281 lu-

18 2339 26 2350 .
75 2303 251 2351 dorum
298 2304 390 2366 qui
424 2303 595 2352 Ostiae
642 2305 830 2353 fiebant
876 2306 1166 2354 celebritate
1216 2309 1266 2354 et
1304 2307 1356 2354 in
1393 2310 1638 2368 perpetua
1676 2308 1761 2355 ho-

74 2377 264 2428 minum
301 2378 374 2425 ibi
413 2394 466 2426 se
506 2379 864 2426 oblectantium
902 2380 1185 2442 frequentia
1209 2381 1318 2442 quis
1345 2381 1517 2428 credat
1542 2381 1759 2429 scenicas

18 2498 22 2502 .
74 2451 363 2513 uoluptates
403 2451 671 2500 Mimorum
710 2454 761 2499 et
801 2452 1180 2502 Comoediarum
1219 2454 1470 2502 defuisse?
1509 2458 1560 2502 et
1598 2455 1760 2502 Palla-

73 2523 210 2572 dium
247 2525 419 2588 igitur,
460 2541 607 2588 quem
648 2527 892 2574 Camenae
932 2530 983 2575 et
1022 2528 1236 2589 populus
1271 2526 1517 2576 Ostiensis
1557 2528 1755 2577 fleuisse

20 2655 21 2659 Ἰ
72 2597 319 2661 dicuntur,
359 2599 515 2648 fuisse
554 2603 756 2662 poetam
794 2601 1036 2663 arbitror,
1077 2601 1162 2662 qui
1203 2600 1518 2650 Ostiensibus
1558 2603 1756 2650 fabulas

20 2711 25 2716 .
74 2671 327 2720 scriberet.
403 2673 594 2722 Auctor
640 2674 747 2735 ipse
786 2674 838 2720 in
877 2674 1193 2722 Praefatione
1232 2675 1497 2736 profitetur
1537 2691 1588 2724 se
1628 2679 1754 2736 quie-

74 2747 165 2791 tem
211 2759 355 2794 suam
403 2748 567 2795 dicare
617 2748 836 2802 ludicris,
888 2751 938 2796 et
989 2750 1204 2797 ludicras
1258 2753 1387 2797 artes
1437 2750 1515 2796 lex
1553 2750 1758 2797 Arcadii

19 2818 21 2821 ’
75 2832 228 2879 supra
278 2819 431 2868 citata
481 2821 725 2883 appellat,
780 2836 906 2883 quae
953 2822 1195 2870 celebrari
1234 2820 1406 2871 Ostiae
1443 2823 1498 2870 in
1534 2823 1757 2870 Maiuma

71 2891 314 2941 solebant.
388 2893 562 2957 Neque
601 2911 721 2944 uero
761 2895 1044 2943 Palladium
1083 2896 1159 2944 his
1200 2897 1376 2959 solum,
1418 2897 1504 2944 sed
1543 2899 1592 2945 et
1636 2897 1747 2944 aliis

1401 2977 1461 3021 ο*
