2032 3202
807 142 876 150 -.
956 113 985 164 7
1064 142 1133 148 ,-

130 234 339 300 partem
389 235 557 298 petere
605 232 887 284 contentus
941 228 1057 282 fuit.
1146 228 1334 298 Itaque
1383 230 1519 282 bene
1578 229 1809 298 perfidus

40 346 58 377 ,ΤΔ
133 305 289 358 alteri
325 304 565 358 fraudem
603 304 781 373 infert,
819 303 1074 356 damnum
1098 302 1215 356 sibi.
1277 302 1483 356 Tamen
1518 321 1587 356 ne
1609 302 1810 356 frustra

38 384 57 388 ”
129 381 328 432 memet
379 378 641 446 uideritiS‚
694 394 958 447 exponere
1011 377 1271 447 quaedam
1318 377 1456 430 uolo,
1549 376 1809 439 Querolus

135 453 237 504 iste
275 455 471 520 noster⁷
509 451 647 504 sicut
683 452 870 519 nostiS‚
909 450 1155 504 omnibus
1196 454 1278 503 est
1314 451 1585 519 molestuS,
1622 451 1726 519 ipsi
1765 450 1809 503 si

33 557 40 594 ς
134 525 219 578 fas
257 528 339 578 est
377 525 497 596 de03
534 525 695 578 homo
732 525 951 578 ridicule
990 524 1290 593 iracundu8‚
1335 525 1514 594 itaque
1559 524 1810 577 ridendus
1841 539 1867 578 5

33 617 36 631 ·
131 599 318 668 magis,
401 598 672 652 Disserere
718 617 837 652 cum
882 599 1018 652 istoc
1063 599 1260 668 uolupe
1304 601 1386 651 est
1435 601 1488 651 et
1533 598 1808 651 confutare

32 707 37 738 1
127 691 324 725 uanam
377 672 611 726 hominis
659 673 952 726 scientiam.
1026 671 1222 726 Fatum
1274 672 1453 742 itaque
1506 672 1614 725 iam
1666 690 1808 725 nunc

31 765 39 797 z
129 750 184 798 et
228 746 499 800 hominem
538 765 567 800 e
607 747 818 800 diuerso
858 746 1109 800 audietis:
1168 764 1265 800 uos
1304 746 1557 800 iudicium
1600 746 1807 798 sumite.

124 818 356 872 Genium
402 823 580 873 autem
618 821 788 890 ipsius
827 839 943 874 esse
982 839 1082 889 me,
1120 823 1379 890 quantum
1415 820 1531 873 fieri
1561 819 1808 889 potuerit,

131 895 437 948 cautissime
498 895 814 963 confitebor,
872 913 940 947 ne
980 895 1136 963 quod
1191 894 1324 957 mihi
1379 893 1543 947 faciat
1593 893 1808 947 malum.
1842 908 1895 948 10

137 966 279 1021 Nam
317 969 628 1022 maledicere
667 968 911 1021 mihimet
947 985 1241 1038 numquam
1286 970 1459 1020 cessat
1494 967 1585 1020 ille
1621 969 1806 1020 noctes

22 1093 34 1101 ,,
124 1044 182 1093 et
218 1042 347 1095 dies,
423 1041 526 1095 Sed
564 1061 745 1096 eccum
781 1043 959 1112 ipsum
998 1041 1181 1111 audio,
1225 1041 1398 1094 fatum
1436 1044 1491 1095 et
1534 1041 1808 1094 fortunam

125 1115 440 1169 inclamitat.
507 1116 617 1169 Iste
656 1117 724 1170 ad
753 1134 838 1168 me
862 1116 1026 1185 uenit,
1063 1119 1272 1185 patrem
1293 1133 1514 1186 peregre
1537 1117 1807 1168 mortuum

128 1189 348 1242 audiuit.
422 1189 534 1243 Hui
571 1209 731 1259 quam
770 1190 1006 1260 grauiter
1045 1190 1212 1243 dolet:
1272 1188 1350 1242 Vt
1387 1191 1513 1242 sunt
1555 1189 1806 1257 humana,

128 1263 286 1316 credo
326 1264 452 1332 quia
488 1264 624 1317 nihil
657 1264 906 1317 relictum
945 1263 1216 1332 comperit.
1282 1262 1487 1347 Ecquid
1524 1280 1624 1333 ego
1663 1281 1807 1316 nunc
1840 1277 1893 1317 15

128 1334 303 1390 facio?
343 1338 557 1390 auolare
598 1339 774 1392 subito
797 1338 924 1391 hinc
961 1356 1072 1391 non
1094 1355 1327 1406 possum,
1364 1337 1589 1390 mmium
1611 1339 1807 1390 memet

127 1410 339 1463 credidi.
401 1410 676 1480 Oportune
700 1413 996 1482 amigerum
1026 1411 1113 1464 hic
1134 1411 1421 1464 tridentem
1444 1411 1623 1464 uideo:
1653 1428 1805 1479 prae-

125 1483 319 1536 sidium
356 1483 531 1538 hercle
569 1505 681 1539 non
718 1486 935 1538 malum.
1011 1484 1270 1548 Querolus
1310 1485 1357 1538 si
1393 1485 1650 1538 molestus
1689 1502 1804 1537 esse

122 1556 282 1610 hodie
320 1577 429 1610 non
467 1558 743 1629 destiterit,
780 1559 991 1629 faciam,
1029 1562 1090 1611 ut
1113 1561 1364 1628 queratur
1400 1559 1609 1612 iustius.
1647 1558 1804 1612 Vnde

122 1646 238 1683 esse
277 1630 380 1684 hoc
418 1632 629 1686 dicam?
665 1634 958 1702 piscatores
997 1651 1155 1686 mane
1191 1633 1291 1686 hac
1322 1633 1638 1702 praeterisse
1676 1632 1805 1702 uidi,
1835 1647 1891 1686 20

119 1703 250 1772 ipsis
289 1704 426 1758 forte
464 1705 567 1760 hoc
605 1708 812 1760 excidit.

401 1882 795 1946 QVEROLVS.
832 1883 978 1938 LAR
1016 1883 1436 1938 FAMILIARIS
1701 1883 1728 1936 I
1766 1885 1800 1937 2

268 1983 441 2047 QvER.
481 1985 526 2040 Ο
551 1987 768 2041 fortuna
798 2007 829 2042 o
853 1988 964 2042 fors
989 1988 1208 2042 fortuna
1231 2006 1262 2041 o
1285 1987 1458 2041 fatum
1483 1987 1801 2041 sceleratum

118 2060 282 2127 atque
319 2059 557 2128 impium.
605 2061 650 2114 si
688 2063 807 2131 quis
844 2081 987 2115 nunc
1026 2063 1159 2116 mihi
1187 2065 1298 2115 tete
1338 2061 1654 2131 ostenderet,
1701 2078 1800 2131 ego

119 2149 262 2184 nunc
287 2132 385 2184 tibi
415 2133 643 2186 facerem
668 2138 720 2187 et
758 2137 1136 2189 constituerem
1166 2136 1337 2188 fatum
1360 2135 1799 2204 inexsuperabile.

235 2324 257 2364 1
288 2322 472 2377 partem
503 2322 628 2386 LP?
656 2325 872 2390 partesls·
891 2324 934 2367 V
957 2326 1093 2382 parte
1128 2323 1211 2368 GR
1266 2325 1274 2379 Ι
1300 2324 1463 2380 petere
1492 2322 1665 2367 addidi
1692 2334 1798 2366 con-

115 2375 276 2466 tentus
319 2391 413 2422 non
455 2378 547 2422 fuit
574 2380 650 2435 Rp
679 2381 812 2436 parte
856 2383 1151 2425 mcontentus
1242 2385 1333 2425 rut.
1477 2384 1504 2424 2
1546 2378 1698 2423 frusta
1739 2378 1799 2422 L‘

121 2476 149 2517 5
178 2474 237 2518 do
274 2474 315 2518 V
370 2481 394 2520 7
416 2476 657 2522 hominum
689 2496 724 2522 ω
752 2479 952 2523 hominis
980 2481 1144 2535 scripsi
1169 2482 1175 2535 1
1201 2477 1483 2524 sententiam
1498 2477 1681 2522 Parcus
1747 2483 1799 2522 10

119 2530 263 2574 michi
291 2533 337 2577 P
424 2538 474 2577 11
520 2548 630 2578 nam
675 2535 864 2590 quidem
902 2549 939 2591 p
978 2538 984 2591 Ι
1025 2536 1267 2580 michimet
1294 2536 1340 2579 P
1428 2539 1480 2579 12
1527 2536 1575 2578 et
1617 2547 1724 2577 cum
1760 2533 1804 2577 V

123 2591 175 2630 13
205 2587 416 2632 clamitat
454 2608 489 2634 ω
526 2591 786 2635 inclamitat
826 2592 1027 2637 Orelliws
1115 2598 1166 2637 15
1195 2592 1342 2636 nichil
1369 2592 1416 2635 P
1455 2591 1462 2646 Ι
1500 2590 1562 2635 Et
1605 2589 1718 2646 quid
1762 2607 1797 2635 ω

119 2696 234 2733 corr.
270 2686 470 2733 Orellius
493 2690 500 2745 Ι
526 2703 648 2734 nunc
692 2703 775 2734 om.
819 2690 895 2746 Rp
925 2734 935 2738 ,
997 2696 1049 2735 16
1092 2661 1169 2737 hilo
1204 2693 1251 2781 Ξ)
1339 2695 1389 2734 17
1411 2664 1679 2747 *amigerum
1706 2690 1753 2733 P
1786 2690 1792 2746 Ι

117 2780 240 2826 hunc
260 2783 405 2829 Koen.
437 2791 511 2832 .18
530 2787 686 2833 hercle
708 2789 754 2832 P
776 2789 897 2833 ercle
926 2789 1010 2834 VL
1034 2794 1041 2846 Ι
1067 2758 1370 2846 moles.u⁹‘(pr.
1389 2794 1465 2847 ss.)
1486 2792 1531 2837 L
1624 2792 1679 2831 20
1707 2787 1796 2832 hoc

120 2849 224 2901 esse
244 2853 282 2894 p
305 2846 315 2903 g
338 2843 583 2896 preterisse
616 2862 651 2889 ω
681 2861 918 2896 Qvnnonvs
947 2848 1104 2892 ceteris
1130 2847 1310 2892 omissi-s
1337 2847 1383 2892 P
1487 2853 1542 2895 ‘24
1572 2844 1788 2903 impium]

121 2907 254 2949 pmm
284 2896 367 2952 (xm
395 2899 475 2955 ss.)
504 2901 551 2944 P
589 2903 596 2956 Ι
641 2914 730 2958 ego
759 2902 848 2946 tibi
876 2915 1000 2946 nunc
1028 2903 1075 2946 P
