2032 3202
922 133 1252 184 -8-

248 249 383 302 LAR.
460 247 787 317 Sperandum
827 251 908 301 est
929 249 1086 302 hodie
1125 250 1187 302 de
1226 250 1470 318 tridente,
1510 249 1602 301 sed
1630 249 1756 318 quid
1779 267 1935 308 cesso

249 323 588 391 interpellare
628 325 787 392 atque
813 323 1069 392 adloqui?
1109 322 1267 376 Salue
1296 322 1535 385 Querole.
1575 322 1748 384 QVER.
1787 323 1936 376 Ecce

250 398 444 450 iterum
481 413 594 448 rem
618 397 926 448 molestam:
963 397 1142 465 „salue
1168 395 1436 459 Querole“.
1489 396 1640 448 Istud
1665 397 1749 449 cui
1770 397 1930 456 bono,

249 474 333 523 tot
369 470 678 522 hominibus
716 470 818 523 hac
857 473 1014 539 atque
1052 471 1174 523 illac
1212 470 1348 522 haue
1402 470 1588 522 dicere.
1663 470 1846 522 Etiam
1884 470 1935 523 si⁴

194 558 219 597 5
250 544 548 614 prodesset,
593 544 865 613 ingratum
911 543 1062 595 foret.
1123 543 1255 596 LAR.
1315 543 1718 612 Misanthropus
1755 543 1938 596 hercle

251 618 338 670 hic
388 634 546 669 uerus
598 620 700 669 est:
754 635 920 669 unum
969 618 1254 686 conspicit,
1299 618 1483 670 turbas
1528 619 1701 686 putat.
1757 617 1939 679 QVER..
1980 613 1983 619 ’

254 691 461 754 Quaeso
502 691 668 743 amice
709 691 836 759 quid
881 690 983 742 tibi
1020 690 1096 742 rei
1142 700 1348 744 mecum
1388 691 1503 743 est‘?
1567 691 1805 743 debitum
1852 709 1939 743 re·-

251 764 427 834 poscis
436 807 450 833 ⁷
501 782 571 816 an
617 764 790 816 furem
826 764 1013 816 tenes‘?
1075 763 1208 817 LAR.
1269 763 1559 817 Iracundus
1604 765 1830 817 nimium
1877 782 1941 817 es

254 839 494 901 Querole.
557 837 731 899 QVER.
791 837 951 906 Heia,
1002 855 1100 908 ego
1149 837 1384 890 officium
1430 857 1548 890 sum
1606 841 1936 907 aspernatUS‚

167 927 222 966 10
254 913 415 965 adicit
453 915 507 964 et
546 912 859 964 conuicium.
897 911 1032 964 LAR.
1068 910 1227 964 Mane
1265 911 1549 980 paulisper.
1600 911 1771 973 QVER.
1809 910 1937 964 Non-

254 989 425 1039 uacat.
478 985 614 1037 LAR.
669 984 754 1038 Sic
791 1003 1010 1038 necesse
1051 988 1145 1051 est,
1183 1003 1354 1037 mane.
1409 985 1581 1047 QVER.
1636 985 1752 1037 Iam
1789 985 1934 1037 istud

257 1061 323 1112 ad
347 1060 458 1111 uim
481 1060 728 1127 pertinet.
783 1060 901 1128 Age
941 1059 1024 1111 dic
1049 1059 1171 1128 quid
1197 1059 1294 1111 uis,
1340 1058 1474 1111 LAR.
1531 1058 1655 1112 Scin
1677 1061 1738 1110 tu
1776 1076 1940 1127 quam·

257 1135 326 1186 ob
382 1151 597 1186 causam
650 1133 937 1185 tridentem
983 1133 1146 1184 istum
1193 1133 1427 1202 gestito?
1499 1131 1672 1194 QVER.
1739 1131 1934 1184 Nescio

258 1207 457 1276 edepol.
495 1207 602 1259 nisi
627 1207 766 1276 quod
798 1207 1030 1275 primum
1061 1210 1295 1275 propter.
1317 1207 1633 1274 inportunos
1658 1205 1940 1258 inuentum

170 1294 223 1334 15
258 1299 370 1333 esse
407 1281 509 1333 hoc
547 1298 682 1333 reor.
743 1279 877 1332 LAR.
937 1280 1142 1332 Idcirco
1188 1279 1331 1332 hunc
1370 1281 1588 1349 gestito,
1637 1282 1720 1347 ut,
1770 1279 1815 1331 si
1853 1297 1942 1330 me

259 1355 517 1424 attigeris7
553 1354 695 1406 talos
718 1353 1072 1406 transfodiam
1095 1354 1210 1405 tibi.
1258 1353 1431 1415 QVER.
1476 1352 1641 1404 Dixin
1663 1353 1767 1404 hoc
1789 1352 1940 1404 fore?

257 1446 355 1480 nec
395 1427 646 1480 salutatio
684 1427 884 1495 inpune
922 1426 1009 1479 hic
1049 1427 1218 1479 datur.
1265 1425 1419 1479 -Non
1457 1427 1601 1478 mala
1643 1425 1819 1478 hercle
1860 1428 1943 1477 est

259 1502 512 1555 condicio,
587 1499 773 1570 Neque
811 1503 866 1552 te
905 1501 1158 1570 contingo
1196 1518 1368 1568 neque
1413 1518 1497 1552 me
1542 1503 1602 1551 tu
1642 1499 1946 1569 contigeriS,

258 1577 395 1628 uale.
470 1575 552 1628 Ite
591 1578 644 1627 et
682 1575 944 1628 conserite
970 1574 1255 1626 amicitias:
1296 1592 1415 1626 6666
1440 1573 1744 1625 adfabilitas
1768 1573 1942 1640 prima

173 1664 227 1703 20
262 1649 388 1719 quid
427 1648 607 1700 dedit?
645 1647 781 1700 LAR.
819 1647 992 1717 Mane,
1033 1665 1131 1717 ego
1158 1666 1276 1700 sum
1301 1666 1458 1716 quem
1494 1647 1721 1716 requiris
1762 1663 1943 1715 quem-

262 1741 363 1792 que
403 1740 621 1775 accusas
659 1722 961 1774 homuncio,
1003 1721 1179 1783 QVER.
1219 1720 1332 1774 Ohe
1362 1722 1501 1775 talos
1526 1738 1625 1789 ego
1649 1720 1946 1772 incolumes

260 1797 398 1849 ferre
435 1796 562 1848 hinc
601 1797 742 1848 uolo.
779 1795 917 1847 LAR.
954 1793 1081 1847 Non
1118 1798 1178 1846 tu
1216 1795 1376 1862 paulo
1416 1797 1539 1846 ante
1578 1794 1750 1845 fatum
1790 1811 1940 1845 accu-

262 1871 419 1923 sabas
458 1869 651 1921 tuum‘?
707 1868 884 1931 QVER.
922 1867 1133 1920 Accuso
1166 1870 1220 1920 et
1257 1885 1559 1936 persequor.
1609 1866 1745 1918 LAR.
1798 1866 1944 1918 Ades

264 1962 389 2013 ergo
427 1943 546 2011 huc,
578 1960 677 2012 ego
719 1961 851 1994 sum.
907 1941 1082 2003 QVER.
1122 1941 1204 1993 Tu
1242 1942 1414 1993 fatum
1453 1959 1508 1992 es
1547 1940 1762 1992 meum?
1809 1939 1946 1991 LAR.

177 2031 231 2070 25
263 2017 383 2087 Ego
425 2035 543 2069 sum
573 2015 679 2068 Lar
715 2015 1013 2083 familiariS‚
1050 2015 1223 2067 fatum
1248 2015 1387 2084 quod
1412 2033 1510 2067 uos
1539 2014 1728 2066 dicitis.
1769 2013 1945 2075 QVER.

264 2090 338 2143 Τ6
379 2108 477 2160 ego
509 2089 819 2142 iamdudum
843 2107 1061 2158 quaero:
1101 2107 1365 2157 nusquam
1389 2088 1546 2141 hodie
1569 2087 1772 2156 pedem.
1810 2086 1946 2138 LAR.

236 2351 238 2354 y
378 2307 403 2345 2
435 2301 611 2356 alloqui
639 2302 687 2345 P
790 2304 817 2342 4
845 2300 918 2344 tot
945 2299 1209 2343 hominibus
1239 2299 1298 2342 al.
1329 2299 1407 2342 sed
1437 2298 1632 2354 antiqua
1661 2310 1717 2340 m.
1751 2300 1949 2340 extremo

266 2359 320 2401 in
347 2371 487 2402 uersu
515 2316 626 2400 add.
658 2357 702 2400 L
742 2356 748 2406 Ι
786 2360 894 2413 saue
923 2357 970 2401 P
1009 2357 1019 2413 l
1058 2355 1242 2399 dicere?
1275 2355 1381 2412 (sie)
1410 2355 1456 2398 R
1513 2359 1539 2397 ὃ
1568 2352 1890 2408 Mesantropus
1911 2370 1946 2396 ω

244 2460 293 2528 ,7
324 2455 473 2509 Queso
511 2456 602 2499 LP
637 2460 642 2510 Ι
674 2468 738 2502 re
785 2456 874 2510 (pr.
905 2455 962 2511 c.)
994 2454 1038 2497 L
1069 2456 1075 2508 Ι
1107 2454 1318 2497 debitum
1354 2466 1413 2496 ne
1450 2451 1598 2508 poscis
1640 2454 1686 2504 (n
1717 2450 1778 2538 all
1809 2464 1875 2494 ex.
1906 2452 1946 2504 r)

270 2554 314 2597 L
343 2553 390 2596 d.
420 2553 622 2609 reposcis
654 2553 711 2596 L‘
720 2552 884 2607 VPRp
944 2557 969 2596 9
999 2552 1101 2595 Hea
1131 2553 1175 2596 L
1205 2552 1325 2595 Heia
1360 2550 1490 2596 VPR
1549 2554 1600 2592 10
1630 2516 1875 2592 coniicium
1910 2545 1954 2589 V

271 2657 322 2696 12
373 2651 446 2695 (116
497 2651 629 2708 quid]
676 2651 903 2749 quicquid
950 2651 997 2694 P
1046 2650 1286 2706 (quicquid
1325 2649 1379 2703 G)
1635 2651 1685 2690 13
1735 2647 1884 2701 gestio
1903 2646 1952 2689 P

270 2713 325 2752 14
352 2708 640 2764 importunos
802 2712 854 2750 15
882 2707 937 2750 ut
965 2706 1018 2762 si]
1005 2707 1105 2762 ]ut
1133 2718 1216 2750 om.
1244 2706 1291 2750 R
1369 2709 1419 2748 16
1450 2702 1692 2761 attingeris
1721 2704 1767 2747 P
1792 2703 1799 2757 Ι
1823 2703 1949 2745 tran-

271 2806 445 2850 fodiam
477 2806 579 2869 (rec
613 2819 632 2847 s
661 2806 738 2863 ss)
770 2806 845 2860 L!
870 2804 1039 2853 Dixin!
1073 2804 1114 2845 V
1141 2773 1272 2847 Dixin
1277 2804 1326 2843 ἰή
1361 2802 1407 2845 P
1494 2806 1543 2844 17
1582 2801 1757 2854 inpune
1794 2799 1869 2842 hic
1911 2798 1952 2840 V

272 2863 393 2917 PRp
424 2861 498 2905 hic
527 2862 702 2917 inpune
733 2861 778 2904 L
803 2864 809 2915 Ι
835 2861 989 2904 hercle
1017 2860 1102 2905 VP
1122 2861 1244 2904 ercle
1276 2848 1322 2903 L
1351 2863 1402 2902 18
1422 2859 1474 2901 tu
1505 2871 1580 2900 me
1601 2857 1679 2911 Rp
1709 2861 1760 2899 21
1782 2856 1883 2899 Hoe
1904 2855 1951 2899 Ρ

275 2919 340 2963 06
368 2919 452 2962 VL
478 2921 484 2977 Ι
509 2917 663 2961 thalos
692 2916 733 2959 V
754 2920 761 2973 Ι
786 2917 1039 2961 incolomes
1059 2919 1120 2961 P‘
1122 2917 1169 2961 R
1228 2920 1282 2959 22
1301 2915 1481 2958 factum
1512 2913 1561 2956 V
1607 2919 1662 2956 24
1698 2912 1874 2956 factum
1909 2909 1954 2953 V
