2032 3202
934 137 1201 182 -XXIV
1265 165 1318 171 —-

437 263 518 323 12,
545 263 611 308 23
655 261 762 308 Ter.
787 261 964 310 Heawt.
994 264 1103 310 202
1139 263 1426 311 Pater-etur:
1465 277 1582 310 nam
1624 278 1771 324 quem
1792 263 1969 327 ferret,

287 336 328 382 si
367 337 626 396 parentem
663 350 763 382 non
799 334 957 383 ferret
997 336 1170 384 suom?

435 409 518 469 13,
547 409 612 455 13
652 408 876 455 quenal.
900 409 1006 456 III
1025 409 1127 457 152
1165 409 1251 456 Nil
1289 410 1442 457 habet
1478 409 1651 457 infelix
1688 412 1963 471 paupertas

285 481 458 528 durius
496 481 548 527 in
589 496 654 542 se,
695 496 844 542 quam
883 482 1014 543 quod
1051 482 1286 530 ridiculos
1325 483 1550 531 homines
1588 483 1723 530 facit.
1785 484 1844 542 of.
1879 482 1976 530 XI

258 556 319 601 ·2
356 569 395 602 3.
500 554 581 602 Pl.
635 553 778 602 Stich.
833 557 934 601 177
994 555 1272 616 Paupertas
1325 556 1443 603 fecit
1496 556 1735 603 ridiculus
1788 556 1962 604 forem.

282 627 460 676 Horat.
502 626 554 674 O.
592 627 698 674 III
729 630 821 682 24,
861 629 931 675 42
967 643 1004 675 s.
1058 629 1299 690 Magnum
1336 629 1600 691 pauperies
1640 629 1963 690 opprobrium
2004 624 2005 627 '

282 700 422 748 iubet
501 699 711 756 Quiduis
751 703 802 748 et
840 701 1005 749 facere
1043 704 1094 749 et
1133 702 1240 763 pati

434 775 515 834 14,
553 776 580 821 7
625 773 730 820 Ter.
769 774 901 822 Ewn.
939 776 1045 822 243
1085 773 1263 822 Omnia
1301 775 1460 823 habeo
1499 791 1659 837 neque
1699 777 1963 838 quicquam

282 847 463 894 habeo:
503 847 574 893 nil
614 862 764 908 quom
801 850 878 895 est
915 848 986 894 nil
1025 847 1144 895 defit
1180 850 1352 895 tamen

440 922 522 981 14,
550 921 579 966 8
630 919 654 966 ‘?
677 920 758 967 Pl.
783 921 936 969 Mero.
960 922 1066 968 III
1096 924 1147 976 2,
1188 924 1218 968 4
1257 921 1478 970 Decurso
1517 922 1570 968 in
1609 922 1770 982 spatio
1809 921 1963 969 breue

283 993 417 1055 quod
441 995 577 1040 uitae
609 993 897 1041 relicuomst
936 994 1209 1056 Voluptate
1240 995 1357 1042 uino
1383 997 1434 1042 et
1458 1010 1625 1042 amore
1650 994 1961 1042 delectauero

436 1068 518 1128 14,
561 1067 629 1113 24
683 1066 763 1114 Pl.
803 1068 955 1116 Mero.
994 1068 1086 1116 IV
1118 1070 1165 1123 4,
1203 1069 1269 1114 31
1309 1068 1453 1115 Nunc
1492 1083 1585 1130 ego
1624 1083 1802 1116 uerum
1837 1067 1964 1115 illud

236 1131 238 1133 ¹
286 1140 498 1187 uerbum
545 1154 653 1187 esse
701 1141 927 1202 experior
971 1143 1140 1189 uetus:
1202 1141 1408 1203 Aliquid
1453 1141 1574 1188 mali
1611 1157 1720 1189 esse
1757 1143 1965 1202 propter

280 1214 499 1261 uicinum
537 1213 724 1259 malum
1427 1273 1430 1275 Β

434 1287 516 1348 15,
559 1288 623 1333 11
684 1286 790 1334 Ter.
828 1285 986 1334 Andr.
1027 1289 1127 1335 889
1179 1287 1336 1335 Immo
1383 1288 1568 1335 habeat
1613 1288 1782 1336 ualeat
1820 1287 1964 1336 uiuat

281 1375 395 1407 cum
418 1360 520 1406 illa.
573 1357 795 1407 1111622
831 1361 1002 1408 ualeas
1041 1360 1229 1408 habeas
1267 1361 1407 1407 illam
1438 1376 1565 1423 quae
1595 1357 1774 1422 placet.
1826 1361 1960 1410 Ptin.

283 1448 353 1493 ep.
391 1433 431 1479 Ι
463 1434 543 1486 16,
584 1435 612 1477 1
652 1448 781 1479 nunc
821 1449 940 1480 uero
979 1435 1145 1482 totum
1182 1450 1261 1481 me
1298 1437 1438 1481 tenet
1475 1434 1628 1481 habet
1667 1435 1892 1495 possidet

432 1506 600 1566 15,19
640 1505 721 1552 Pl.
749 1505 885 1565 Capt.
911 1509 1014 1554 142
1030 1522 1066 1555 8.
1108 1507 1236 1554 Tum
1274 1507 1485 1568 denique
1523 1507 1749 1555 homines
1787 1510 1973 1555 nostra-

281 1579 623 1640 intellegimus
662 1578 807 1641 bona,
849 1595 998 1641 quom
1038 1595 1164 1642 quae
1202 1580 1264 1627 111-
1292 1581 1543 1641 potestate
1583 1580 1863 1642 habuimus,
1904 1595 1973 1628 ea¹

279 1651 537 1700 amisimus

431 1727 514 1787 16,
555 1725 621 1772 25
683 1725 763 1773 Pl.
802 1726 974 1775 Pseud.
1016 1726 1116 1773 545
1177 1725 1329 1782 Quasi
1375 1742 1524 1788 quom
1569 1727 1622 1774 in
1665 1726 1794 1774 libro
1844 1726 1961 1774 scri-

279 1799 468 1846 buntur
507 1798 696 1846 calamo
736 1799 914 1846 literae
966 1799 1106 1846 Stilis
1130 1814 1208 1846 me
1232 1801 1397 1846 totum
1434 1815 1592 1861 usque
1629 1799 1810 1847 ulmeis
1849 1814 1960 1848 con·

282 1872 483 1920 scribito

431 1948 513 2006 17,
555 1946 583 1991 9
647 1943 671 1991 ἵ)
723 1945 1020 1993 Dracontius
1057 1945 1096 1992 I
1127 1947 1198 1992 20
1257 1945 1362 1993 Nos
1402 1945 1518 1993 licet
1557 1946 1683 1993 nihil
1721 1946 1962 2007 ualemus,

281 2033 391 2066 mos
430 2020 601 2065 tamen
638 2018 886 2079 gerendus
926 2022 1003 2066 est

433 2093 514 2153 17,
542 2092 607 2138 21
649 2090 826 2139 Seneca
849 2092 992 2140 Here.
1018 2093 1118 2138 173
1138 2117 1203 2124 —
1227 2091 1327 2139 175
1373 2091 1468 2139 Hic
1506 2092 1710 2154 clamosi
1747 2091 1971 2139 Rabiosa.

280 2164 378 2212 fori
416 2164 583 2225 iurgia
622 2164 842 2212 uendens
918 2165 1164 2226 Inprobus
1203 2165 1305 2212 iras
1346 2168 1396 2212 et
1434 2165 1591 2213 uerba
1627 2165 1760 2212 locat

431 2239 514 2299 18,
559 2239 622 2284 12
690 2237 863 2298 Veryil.
903 2237 966 2285 A.
1004 2239 1043 2285 Ι
1076 2240 1175 2285 381
1230 2238 1318 2286 Β18
1358 2238 1497 2286 denis
1538 2238 1810 2300 phrygium
1850 2252 1960 2285 con-

287 2311 454 2359 scendi
491 2311 703 2358 nauibus
745 2327 930 2373 aequor

430 2385 512 2445 18,
557 2386 620 2431 13
683 2383 861 2432 Seneca
898 2386 1032 2433 Med.
1081 2385 1181 2432 304
1242 2384 1474 2432 Animam
1512 2383 1708 2431 leuibus
1749 2382 1962 2432 credidit

280 2458 429 2504 auris.
483 2457 627 2505 Herc.
645 2458 746 2504 153
786 2458 994 2506 carbasa
1016 2458 1181 2506 uentis
1206 2458 1364 2505 credit
1388 2457 1568 2504 dubius
1606 2457 1781 2504 nauita
1818 2458 1961 2505 uitae

278 2530 416 2578 laxos
442 2544 565 2577 aura
589 2531 847 2592 conplente
873 2531 1025 2579 8111118.
1096 2531 1436 2590 (Ρεηίαάἱαεὲ)
1460 2528 1652 2577 Anthol.
1679 2530 1762 2578 lat.
1783 2531 1903 2587 266,
1929 2532 1959 2576 1

278 2603 359 2650 hic
405 2605 483 2651 est
527 2603 612 2651 ille
660 2604 762 2652 suis
809 2604 1018 2652 nimium
1068 2605 1153 2666 qui
1191 2603 1401 2652 credidit
1437 2602 1597 2650 undis.
1673 2604 1785 2651 ibid.
1824 2603 1962 2650 2681

279 2676 423 2723 crede
462 2679 623 2724 ratem
662 2678 825 2725 uentis
865 2703 937 2710 —
1014 2676 1273 2726 Claudiam
1321 2679 1378 2726 de
1421 2676 1484 2724 R.
1528 2675 1613 2723 Pr.
1652 2676 1691 2723 I
1726 2676 1887 2736 praef.
1929 2674 1963 2722 5-

278 2750 564 2810 tranquillis
603 2749 819 2811 primum
857 2751 1083 2812 trepidus
1125 2767 1177 2798 se
1217 2750 1427 2799 credidit
1464 2749 1627 2796 undis.

430 2823 512 2885 18,
556 2823 621 2871 15
661 2823 886 2871 que-nal.
930 2824 1085 2871 XIII
1103 2827 1169 2872 96
1206 2825 1406 2885 Pauper
1442 2821 1743 2883 locupletem
1782 2823 1961 2883 optare

281 2895 559 2958 podagram
635 2895 740 2943 Nec
779 2896 974 2944 dubitet
1012 2897 1175 2945 Ladas
