2032 3202
936 150 1267 202 -4—

276 269 428 339 quasi
467 269 625 320 busta
661 267 831 335 patris
879 268 1131 320 odoribus
1183 267 1401 336 insuper
1446 267 1639 319 infusis
1693 267 1954 336 tituloque
2030 264 2032 321 ]

276 345 424 395 extra
479 341 674 393 addito.
728 358 923 393 nauem
962 341 1252 394 ascendens
1307 359 1495 393 ornam
1548 340 1692 393 domi
1740 340 1955 408 infodit,
2030 363 2032 379 ³

274 434 386 468 rem
438 415 573 466 nulli
626 414 848 482 aperuit.
941 413 1044 466 Hic
1099 432 1320 484 peregre
1373 414 1608 467 moriens
1662 414 1957 482 parasitum
2028 414 2032 470 Ξ

275 489 472 541 ibidem
511 489 788 558 cognitum
825 488 935 540 filio
975 488 1287 540 coheredem
1323 488 1558 540 instituit
1587 488 1754 540 tacita
1794 488 1956 556 scrip-
2018 519 2019 522 =

214 582 238 620 5
275 567 426 614 turae
463 562 589 630 fide,
636 561 682 613 si
728 561 899 613 eidem
936 561 1248 614 thesaurum
1295 562 1560 614 occultum
1607 562 1720 613 sine
1769 561 1956 614 fraude
1989 623 1996 634 ‘
2027 602 2032 617 .

276 633 592 688 ostenderet.
641 634 842 687 Locum
865 635 1237 688 tantummodo
1261 635 1500 688 thesauri
1524 653 1685 687 senex
1709 635 1957 687 ostendit.

275 709 487 762 Oblitus
534 709 644 762 doli
689 708 954 777 parasitus
1004 726 1199 760 nauem
1245 709 1507 777 ascendit,
1556 709 1623 760 ad
1670 706 1958 770 Querolum

275 782 427 836 uenit
472 785 526 835 et
570 782 716 850 rupit
763 782 923 834 fidem
974 799 1194 851 magum
1247 782 1786 850 mathematicumque
1844 800 1959 835 sese

276 857 488 926 fingens
536 858 590 908 et
634 855 892 925 quidquid
930 855 1146 909 mentiri
1197 855 1285 908 fur
1330 858 1523 925 potest.
1604 855 1688 908 Ea
1745 874 1881 924 quae
1929 874 1961 908 a

191 951 246 990 10
278 933 506 999 patrono
554 929 811 982 didicerat
857 928 1073 991 Queroli
1121 932 1325 982 secreta
1371 932 1424 981 et
1468 929 1754 981 familiaria
1807 929 1961 997 quasi
2028 988 2029 991 Ἴ

280 1004 494 1056 diuinus
533 1003 785 1072 loquitur,
825 1002 1085 1066 Querolus
1108 1003 1269 1055 fidem
1293 1002 1660 1056 accommodat
1683 1003 1960 1054 auxilium—

279 1095 380 1147 que
402 1077 591 1146 poscit.
651 1076 925 1129 Parasitus
963 1094 1153 1146 magus
1185 1076 1402 1129 domum
1424 1076 1672 1145 purificat
1695 1078 1749 1128 et
1771 1094 1960 1144 puram

276 1151 432 1203 facit:
509 1150 602 1203 sed
646 1151 740 1203 ubi
784 1151 1015 1219 primum
1060 1150 1226 1202 libere
1274 1168 1459 1202 ornam
1496 1150 1743 1219 inspexit,
1779 1152 1990 1208 uetere=

276 1225 537 1293 decipitur
575 1224 720 1276 dolo:
774 1224 993 1277 bustum
1017 1223 1158 1292 quod
1183 1224 1533 1277 simulabatur
1556 1223 1779 1276 credidit
1802 1226 1961 1292 atque

194 1319 247 1358 15
279 1298 505 1350 inrisum
543 1316 599 1350 se
637 1300 809 1366 putat.
882 1297 1014 1350 Inde
1054 1301 1115 1349 ut
1139 1297 1475 1365 aliquatenus
1515 1315 1571 1349 se
1603 1297 1961 1364 ulcisceretur,

279 1390 465 1424 ornam
507 1370 724 1433 Queroli
770 1372 830 1423 in
875 1371 1092 1423 domum
1130 1370 1317 1423 callide
1365 1373 1419 1422 et
1457 1370 1659 1423 occulte
1700 1370 1962 1437 obrepens

278 1464 374 1514 per
425 1444 716 1497 fenestram
770 1444 1029 1514 propulit,
1092 1463 1196 1513 qua
1257 1444 1476 1512 explosa
1529 1447 1583 1496 et
1635 1442 1963 1496 comminuta

277 1520 495 1571 bustum
532 1519 591 1570 in
629 1518 861 1586 pretium
882 1518 1126 1570 uertitur.
1195 1517 1386 1586 Itaque
1424 1517 1737 1570 thesaurum
1774 1519 1963 1569 contra

278 1592 542 1645 rationem
580 1595 633 1644 et
670 1591 829 1644 fidem
854 1609 975 1644 cum
1005 1592 1199 1644 lateret
1242 1590 1487 1660 prodidit,
1524 1609 1645 1644 cum
1681 1591 1964 1658 reperisset

191 1687 246 1727 ρο
277 1665 518 1718 reddidit.
608 1665 804 1718 Postea
863 1683 920 1717 re
982 1668 1254 1734 comperta
1315 1665 1582 1733 parasitus
1641 1663 1850 1715 reuolat
1910 1667 1964 1715 et

278 1742 487 1808 partem
561 1739 722 1808 petit,
794 1738 888 1791 sed
957 1739 1083 1807 quia
1153 1738 1408 1807 quidquid
1484 1736 1764 1789 abstulerit
1838 1754 1977 1789 con--

275 1814 472 1882 fitetur,
526 1812 784 1882 quidquid
834 1811 1104 1864 rettulerit
1155 1829 1267 1864 non
1321 1811 1497 1879 docet,
1548 1810 1781 1880 primum
1818 1810 1963 1878 furti,

278 1889 403 1955 post
448 1886 610 1938 etiam
657 1885 926 1954 sepulchri
952 1885 1205 1938 vuiolator
1250 1887 1333 1937 est
1376 1902 1512 1936 reus
1595 1883 1787 1935 Exitus
1834 1900 1961 1952 ergo

277 1961 365 2012 hic
404 1962 505 2012 est:
565 1958 663 2011 llle
703 1959 968 2027 dominus,
1005 1959 1095 2010 ille
1133 1958 1402 2027 parasitus
1436 1957 1609 2010 denuo
1647 1957 1763 2009 fato
1805 1959 1963 2025 atque

394 2145 413 2182 1
445 2140 635 2183 bustum
672 2139 867 2183 fflinkh.
899 2140 907 2192 Ι
939 2152 1079 2195 super
1111 2139 1150 2182 Ο
1205 2144 1230 2181 2
1260 2139 1421 2181 nanim
1449 2138 1495 2182 R
1527 2139 1533 2189 1
1569 2137 1690 2181 fodit
1719 2154 1754 2181 ω
1784 2136 1966 2180 defodit

276 2196 354 2252 Rp
382 2195 554 2239 infodit
585 2195 806 2252 Ganneq„
928 2200 956 2238 4
977 2209 1029 2238 co
1097 2195 1163 2238 ito
1193 2195 1239 2239 P
1272 2198 1278 2250 ι
1310 2195 1492 2238 cstituit
1519 2196 1566 2238 P
1707 2200 1733 2238 5
1762 2192 1903 2237 fidem
1925 2206 1963 2247 p

283 2259 305 2295 7
339 2252 447 2296 dolo
477 2253 523 2296 P
551 2251 758 2295 ostendit
788 2251 959 2294 oblitus
990 2251 1049 2294 do
1074 2252 1082 2259 '
1115 2251 1279 2295 Barth.
1310 2252 1316 2304 Ι
1340 2251 1499 2295 nauim
1535 2250 1581 2293 R
1682 2255 1708 2294 8
1740 2252 1788 2292 et
1817 2249 1960 2305 rupit]

283 2309 320 2352 &
349 2321 406 2352 ss.
430 2321 505 2362 pr.
539 2308 582 2351 L
660 2313 685 2351 9
726 2307 948 2363 quicquid
997 2307 1227 2363 quidquid
1255 2307 1316 2350 P‘
1384 2312 1437 2351 10
1468 2304 1667 2359 Querolo
1702 2304 1903 2362 Camzeq.

282 2365 465 2408 sectata
494 2364 538 2407 L
655 2370 704 2406 11
737 2377 925 2407 accomo
961 2364 1011 2406 at
1040 2363 1135 2407 LV
1160 2363 1433 2408 accomodat
1462 2367 1502 2407 P
1614 2365 1666 2404 13
1687 2360 1815 2418 facit]
1843 2361 1965 2418 [sicit

280 2422 327 2464 P
375 2434 543 2484 puram
579 2419 694 2463 facit
724 2420 810 2466 del.
855 2419 1061 2463 Klinkhs
1110 2423 1176 2474 (at
1203 2419 1554 2474 intellegendum
1592 2418 1781 2472 „expiat
1827 2423 1965 2473 atque
1995 2454 1999 2457 .

279 2476 498 2530 spolzaffl)
527 2479 532 2527 Ι
559 2474 718 2531 Uetess
750 2475 795 2519 V
961 2480 1014 2518 14
1044 2476 1151 2520 dolo
1182 2475 1286 2519 deci
1320 2476 1415 2519 itur
1442 2475 1489 2519 P
1633 2481 1684 2518 15
1714 2474 1899 2516 irrisum
1917 2473 1965 2516 P

284 2537 335 2575 17
365 2531 563 2587 protulit
592 2549 627 2575 ω
691 2531 859 2575 roculit
890 2531 1026 2576 Grut.
1042 2531 1266 2588 ,propulit
1345 2531 1469 2575 aniel
1506 2529 1605 2575 uid.
1637 2529 1769 2583 infra
1802 2532 1808 2585 Ι
1842 2542 1962 2584 quae

282 2588 326 2630 L
358 2588 366 2643 Ι
400 2587 603 2643 displosa
687 2589 856 2632 ittersh.
997 2592 1047 2632 18
1078 2589 1219 2632 bustu
1255 2587 1298 2631 V
1326 2590 1332 2643 1
1364 2586 1574 2643 precium
1603 2586 1648 2629 P
1682 2588 1687 2640 1
1726 2588 1963 2629 tesaurum

288 2643 338 2694 (h
360 2656 435 2698 pr.
459 2644 533 2698 ss.)
564 2643 608 2686 L
669 2649 720 2687 19
741 2643 949 2699 perdidit
979 2662 1014 2688 ω
1034 2657 1147 2688 corr.
1170 2643 1348 2688 Daniel
1373 2648 1380 2697 Ι
1404 2642 1602 2699 perisset
1622 2658 1656 2683 ω
1677 2642 1869 2696 correxi,
1901 2655 1965 2684 an

282 2699 570 2755 aperuisset?
646 2705 701 2742 20
752 2699 928 2743 rodidit
956 2700 1055 2754 (red
1085 2715 1157 2754 ss„
1188 2700 1330 2744 deleto
1357 2700 1465 2755 pro)
1503 2697 1546 2740 V
1567 2701 1573 2752 Ι
1598 2697 1826 2760 prodidit3
1858 2711 1965 2740 cum

281 2754 562 2811 perdidisset
617 2714 826 2798 reddidit
865 2756 940 2800 uel
985 2756 1216 2812 prodidit;
1266 2769 1372 2798 cum
1426 2753 1708 2797 reddidisset
1756 2752 1966 2816 perdidit

283 2810 487 2854 Daniel²
524 2824 580 2854 ex
609 2812 750 2854 amici
777 2812 895 2855 coni.
967 2817 1019 2855 21
1042 2811 1271 2868 quidquid
1289 2811 1526 2865 utrobique
1552 2809 1596 2851 V
1654 2809 1844 2865 uicquid
1874 2808 1965 2852 LP

282 2867 397 2923 quid
424 2866 617 2913 Klinkh.
703 2872 756 2909 22
779 2866 1001 2922 quicquid
1031 2882 1058 2911 a
1087 2881 1137 2912 re
1167 2866 1331 2910 tulerit
1348 2867 1395 2910 P
1480 2870 1534 2910 23
1563 2864 1642 2908 uio
1663 2866 1729 2909 ati
1759 2864 1959 2919 Daniel!

284 2935 403 2979 ergo·
424 2935 506 2966 om.
537 2922 583 2965 P
697 2928 752 2966 24
780 2924 920 2978 atque
949 2924 1116 2968 merito
1147 2936 1229 2968 om.
1259 2922 1337 2977 Rp
