2032 3202
941 134 1305 187 ...10-

290 267 464 301 sorem
502 252 554 300 te
593 248 792 316 paras?
839 249 1014 311 QVER.
1052 249 1172 320 Ego
1211 251 1341 304 noui
1378 269 1462 303 me
1501 269 1650 304 reum
1687 270 1798 304 non
1835 270 1964 305 esse.

288 322 422 374 LAR.
461 321 608 391 Ergo
633 324 756 390 post
779 323 881 375 hac
907 325 1129 377 assertio
1154 325 1487 392 conticescet,
1526 326 1572 376 si
1608 343 1840 394 persona
1878 344 1964 378 ex-

287 396 536 464 ploditur.
610 395 758 448 Inter
803 397 976 450 bonos
1026 416 1096 449 an
1133 398 1272 450 inter
1310 398 1479 450 malos
1524 401 1632 451 tete
1677 399 1964 452 numeras?

290 469 466 531 QVER.
503 469 685 522 Etiam
725 471 1007 538 quaeritas,
1048 471 1174 540 quid
1196 471 1440 524 mihimet
1461 472 1574 540 ipse
1612 472 1807 542 uidear,
1845 490 1967 525 cum

291 543 354 594 de
401 543 638 595 scelestis
688 545 1026 613 conquerar?
1085 544 1221 596 LAR.
1284 543 1340 598 Si
1385 547 1553 614 probo
1601 546 1663 598 de
1708 547 1813 598 illis
1857 548 1966 599 tete

289 634 403 669 esse
443 634 575 686 quos
617 635 848 685 accusaS‚
893 618 996 671 hoc
1035 621 1116 671 est
1154 618 1217 670 de
1253 620 1424 687 malis,
1469 638 1566 688 pro
1614 619 1805 688 quibus
1843 622 1991 688 post'

287 690 389 742 hac
426 691 676 758 loquere?
717 690 890 753 QVER.
932 689 989 744 Si
1026 691 1368 744 criminosum
1390 711 1475 745 me
1507 711 1620 746 esse
1661 693 1968 761 conuiceriS‚

236 811 243 818 ,,
287 782 502 816 necesse
541 767 622 816 est
659 765 862 817 meritis
895 768 956 817 ut
985 766 1118 818 meis
1143 784 1357 820 sensum
1382 767 1790 820 accommodem.
1829 766 1967 819 LAR.

202 924 256 963 10

203 1284 255 1330 15

202 1660 256 1699 20

202 2026 256 2066 25

200 2395 256 2435 30

290 835 543 890 Celeriter
595 856 738 891 nunc
791 839 925 890 mihi
977 840 1236 908 responde
1285 838 1532 901 Querole:
1611 839 1823 903 Quanta
1853 840 1968 893 iam

288 914 445 979 putas
491 911 679 964 fecisse
725 915 778 963 te
832 913 1121 980 capitalia?
1198 912 1377 975 QVER.
1451 913 1715 982 Equidem
1759 914 1991 967 nullum*

288 985 431 1054 quod
470 985 647 1038 sciam.
694 984 828 1038 LAR.
875 985 1203 1039 Nullumne?
1249 986 1396 1056 Ergo
1421 987 1728 1039 exciderunt
1753 986 1967 1039 omnia?

289 1058 467 1120 QVER.
520 1059 690 1112 Immo
732 1060 912 1112 omnia
949 1078 1118 1128 paene
1155 1061 1374 1129 retine0,
1421 1061 1513 1113 sed
1552 1061 1722 1113 scelus
1759 1061 1968 1113 nullum

288 1133 411 1184 scio,
445 1132 582 1184 LAR.
605 1132 726 1185 Eho
753 1132 979 1196 Querole
1003 1134 1205 1186 furtum
1227 1135 1436 1187 nullum
1460 1134 1763 1187 admisisti?
1789 1133 1968 1196 QVER.

287 1204 592 1275 Numquam
631 1224 694 1258 ex
718 1225 821 1275 quo
847 1207 1041 1260 destiti.
1101 1206 1236 1260 LAR.
1274 1208 1514 1276 Hahahe,
1551 1208 1654 1261 1100
1693 1211 1775 1260 est
1811 1226 1970 1260 num-

288 1298 449 1348 quam
488 1280 807 1332 admisisse?
869 1280 1047 1343 QVER.
1111 1281 1264 1343 Quod
1301 1299 1487 1333 uerum
1527 1284 1622 1348 est,
1666 1300 1776 1334 non
1813 1298 1967 1350 nego,

287 1353 615 1406 Adulescens
656 1354 918 1423 quaedam
955 1356 1072 1423 feci,
1124 1355 1313 1424 fateor,
1359 1355 1566 1407 laudari
1605 1373 1740 1423 quae
1780 1355 1969 1407 solent.

286 1426 422 1479 LAR.
484 1425 590 1479 Cur
642 1427 808 1496 igitur
862 1428 1116 1481 destitisti
1171 1429 1233 1481 de
1282 1430 1477 1482 scelere
1524 1431 1638 1480 tam
1674 1427 1969 1480 laudabili?

287 1500 643 1553 Transeamus
696 1501 856 1554 istud.
945 1501 1083 1564 Quid
1141 1502 1205 1555 de
1258 1502 1396 1555 falso
1451 1501 1714 1554 dicimus?
1792 1501 1969 1564 QVER.

286 1573 426 1626 Hem
481 1575 598 1642 quis
653 1578 832 1627 autem
885 1594 1072 1628 uerum
1118 1576 1282 1629 dicit?
1357 1575 1510 1629 Istud
1556 1593 1835 1628 commune
1874 1578 1970 1638 est,

288 1648 390 1700 abi.
429 1648 564 1700 LAR.
602 1647 804 1702 Idcirco
845 1650 1046 1702 crimen
1082 1668 1194 1702 non
1232 1650 1347 1702 est?
1388 1649 1526 1712 Quid
1565 1649 1629 1700 de
1668 1648 1967 1700 adulterio?

290 1720 465 1783 QVER.
504 1722 662 1774 Attat
700 1723 861 1775 etiam
899 1723 1037 1776 hoc?
1077 1724 1277 1776 crimen
1300 1742 1412 1776 non
1435 1725 1530 1775 est.
1568 1721 1705 1774 LAR.
1745 1721 1968 1784 Quando

288 1799 466 1848 autem
488 1796 697 1848 licitum
722 1814 836 1848 esse
860 1796 1072 1864 coepit?
1113 1796 1290 1859 QVER.
1327 1796 1453 1848 Men
1475 1795 1671 1865 rogas?
1720 1794 1884 1857 Quasi
1907 1798 1969 1847 tu

287 1870 510 1922 nescias.
550 1869 669 1921 Hoc
709 1872 790 1922 est
813 1870 955 1939 quod
978 1888 1076 1922 nec
1099 1870 1340 1938 permitti
1362 1887 1458 1922 nec
1482 1868 1757 1938 prohiberi
1779 1871 1970 1936 potest.

289 1941 423 1994 LAR.
464 1942 603 2004 Quid
643 1942 710 1995 ad
733 1943 864 1995 haec
906 1943 1166 2005 Querole‘?
1205 1943 1438 1996 Videsne
1476 1949 1530 1994 te
1556 1946 1741 1995 contra
1763 1942 1970 1996 licitum

287 2016 504 2068 uiuere?
567 2015 744 2078 QVER.
807 2015 862 2069 Si
899 2020 960 2069 tu
997 2035 1082 2069 me
1121 2017 1188 2069 ad
1234 2017 1365 2070 haec
1403 2034 1645 2084 reuocaS‚
1690 2033 1848 2068 nemo
1888 2018 1970 2068 est

287 2089 556 2142 innocens,
602 2089 738 2142 LAR.
777 2090 851 2143 Et
888 2093 1083 2159 tamen,
1121 2109 1232 2144 non
1270 2091 1334 2143 de
1373 2090 1621 2142 omnibus
1660 2092 1768 2141 tete
1806 2089 1970 2141 inter-

288 2164 493 2232 rogaui,
534 2163 579 2215 si
617 2164 987 2217 reminisceris,
1028 2164 1207 2227 QVER.
1247 2163 1398 2217 Nihil
1423 2166 1505 2216 est
1529 2161 1794 2231 amplius?
1833 2161 1968 2214 LAR.

286 2235 438 2288 Nulli
490 2232 654 2307 igitur
706 2241 936 2290 mortem
990 2238 1225 2306 opta-sti?
1306 2238 1483 2301 QVER.
1541 2235 1769 2288 Nemini.
1831 2234 1968 2288 LAR.

289 2309 429 2371 Quid
467 2311 514 2362 si
552 2310 845 2365 corsuinco‘?
902 2311 1078 2374 QVER.
1124 2311 1275 2364 Nihil
1313 2315 1394 2364 est
1433 2310 1573 2380 quod
1603 2309 1967 2376 respondeam.

286 2382 421 2436 LAR.
481 2382 582 2436 Dic
621 2385 766 2454 mihi,
807 2386 853 2437 si
892 2403 1100 2438 soceros
1139 2404 1432 2455 numquam
1477 2382 1728 2436 habuisti.
1790 2381 1967 2444 QVER.

1743 2493 1757 2514 1

401 2531 426 2569 3
457 2538 515 2568 an
551 2525 593 2568 V
620 2527 701 2570 aut
731 2527 821 2570 LP
885 2532 913 2570 4
942 2527 1148 2582 queritas
1180 2544 1214 2570 ω
1247 2527 1253 2582 1
1286 2526 1527 2570 michimet
1554 2525 1600 2567 P
1657 2528 1682 2567 5
1714 2523 1891 2579 Sprobo
1921 2525 1967 2568 P

289 2584 315 2624 8
336 2579 432 2623 LAB
451 2594 535 2625 om.
559 2582 650 2624 LP
670 2583 798 2626 adest
816 2583 870 2626 in
897 2582 939 2625 V
985 2588 1038 2627 10
1059 2582 1282 2640 capitalia
1301 2585 1350 2626 te
1370 2582 1530 2626 fecisse
1552 2580 1630 2635 Rp
1681 2585 1730 2623 11
1754 2580 1966 2623 excidere

290 2635 367 2691 Rp
408 2642 458 2680 12
479 2651 600 2693 pene
622 2655 657 2680 ω
692 2643 742 2682 13
771 2638 871 2682 Eho
924 2639 995 2682 Eh
1024 2640 1077 2683 in
1106 2653 1199 2684 ras.
1230 2640 1309 2692 al.)
1346 2638 1388 2681 V
1413 2637 1514 2680 Heo
1545 2636 1636 2681 LP
1661 2639 1668 2692 Ι
1693 2636 1808 2680 Heo·
1841 2635 1968 2688 Qvnn

289 2691 407 2736 Ecce
435 2693 608 2736 iterum
638 2691 872 2748 ²‹renel-ale.
950 2710 1022 2738 AR.
1063 2695 1185 2752 Ergo
1217 2694 1373 2738 omnia
1402 2693 1459 2736 de
1491 2692 1704 2736 omnibus
1734 2691 1967 2735 confiteris

289 2748 479 2803 querole
496 2749 673 2792 furtum
690 2755 769 2794 etc.
781 2753 828 2795 P
861 2756 913 2794 14
928 2751 1170 2806 Nusquam
1193 2751 1276 2795 VL
1291 2749 1483 2793 Nullum
1505 2749 1551 2791 P
1564 2748 1745 2791 nullum
1761 2761 1968 2803 unquam

293 2804 492 2848 Orellius
520 2806 696 2848 correxi
759 2811 808 2850 16
825 2807 1097 2851 adulescens
1116 2807 1162 2851 R
1229 2812 1282 2851 20
1299 2805 1469 2849 Iccirco
1489 2806 1535 2849 P
1593 2810 1642 2848 21
1666 2804 1754 2848 hoc
1776 2803 1965 2859 crimen]

290 2860 608 2916 interroyandi
627 2866 783 2906 notam
805 2863 975 2907 addidi
1033 2868 1086 2906 22
1113 2863 1239 2918 cepit
1268 2862 1314 2906 P
1369 2867 1424 2905 30
1452 2860 1598 2904 socios
1618 2862 1734 2907 Par.
1757 2873 1966 2903 socerum

293 2915 491 2974 (lannoy.
520 2922 570 2961 at
599 2918 744 2961 soceri
774 2931 895 2963 socer
924 2923 988 2964 est
1017 2932 1116 2964 cum
1144 2931 1276 2964 socru
1307 2919 1316 2974 1
1345 2917 1552 2962 habuisti
1581 2916 1658 2973 (ha
1696 2917 1750 2960 in
1777 2915 1890 2972 ras.)
1927 2912 1970 2958 V
