2032 3202
726 170 779 177 -
843 143 1037 188 XXXIII
1101 169 1153 175 —-

213 263 305 320 Qui
335 264 420 308 das
448 264 717 307 honoratam
747 262 950 318 quietem,
981 274 1116 316 quam
1148 260 1353 304 dicamus
1383 258 1632 314 ludicris‚*)

210 323 343 367 Inter
366 319 679 378 proximos**)
713 325 753 363 et
778 321 1063 376 propinquos
1093 319 1259 363 honore
1290 320 1479 375 diynum-
1504 322 1660 374 putas.

88 431 310 480 Dubium
347 435 437 493 est,
475 434 647 478 utrum
686 430 819 478 dicat
859 446 935 493 se,
976 445 1087 478 cum
1126 430 1261 477 esset
1299 427 1431 475 inter
1468 427 1772 489 propinquos

27 551 30 556 ,
91 508 142 554 et
164 508 404 567 cognatos
429 505 622 567 Rutilii,
662 504 908 567 singulari
946 505 1132 552 honore
1173 502 1235 550 ab
1279 517 1335 550 eo
1375 502 1609 549 affectum
1647 515 1771 562 esse,

0 578 3 631 ζ
90 595 155 627 an
191 594 311 627 uero
353 595 404 627 se
443 580 556 642 pari
592 579 699 626 1000
740 581 791 626 et
829 579 1018 626 honore
1057 593 1114 626 ac
1152 576 1457 639 propinquos
1498 576 1603 623 eius
1629 574 1767 622 habi-

87 656 209 702 tum.
286 653 519 701 Alterum
572 653 665 701 hoc
716 652 932 701 fortasse
988 652 1188 700 certius.
1267 649 1364 698 Sed
1418 651 1460 697 si
1513 665 1612 697 non
1661 664 1771 710 pro-

87 727 330 790 pinquum
353 731 403 775 et
426 727 762 775 necessarium
784 726 963 775 Rutilii
989 727 1168 774 saltem
1207 725 1366 772 ciuem
1405 726 1456 771 et
1480 723 1775 785 popularem

88 801 217 863 eius,
267 801 360 849 hoc
407 805 485 850 est
530 802 731 850 natione
779 799 1002 862 Gallum,
1055 800 1211 848 fuisse
1259 801 1515 846 auctorem
1555 796 1772 859 Queroli,

87 876 295 938 colligas
343 891 403 923 ex
446 876 614 924 uerbis
654 875 764 923 Act.
803 875 829 922 Ι
868 890 931 923 sc.
976 876 1005 921 2
1049 871 1118 936 [p.
1162 877 1244 936 17,
1286 871 1342 934 1]
1398 887 1524 935 quae
1564 872 1628 919 ad
1665 886 1774 933 per-

89 965 262 998 sonam
299 950 458 1012 ipsius
499 950 757 1012 scriptoris
795 948 1059 997 referenda
1096 948 1353 995 uidentur:
1401 949 1470 995 sic
1505 950 1674 994 nostra
1713 946 1776 992 lo-

89 1026 252 1083 quitur
292 1022 516 1073 Graecia.
580 1022 707 1071 Cum
745 1023 879 1071 enim
916 1024 1032 1085 post
1070 1022 1269 1084 Ligeris
1309 1021 1380 1068 ibi
1417 1021 1605 1068 factam
1642 1035 1775 1067 men-

0 1112 2 1154 ᾗ
87 1097 275 1145 tionem
314 1097 524 1146 Graecia
572 1098 658 1145 uix
708 1097 808 1145 alia
861 1097 1022 1159 possit
1069 1096 1288 1158 intelligi
1335 1109 1485 1157 quam
1532 1109 1657 1156 quae
1697 1096 1776 1142 est

0 1190 6 1222 a
88 1171 141 1218 in
180 1171 360 1234 Gallia,
400 1172 453 1219 in
491 1188 589 1234 qua
626 1172 815 1220 multus
856 1171 1146 1220 litterarum
1186 1169 1490 1219 Graecarum
1528 1184 1650 1216 usus
1692 1168 1775 1216 ob-

0 1289 5 1324 ,
86 1245 303 1308 tinebat,
357 1246 471 1293 hinc
523 1249 740 1295 nostram
794 1245 879 1293 1110
933 1245 1136 1292 uidetur
1191 1244 1375 1306 dicere,
1431 1243 1563 1305 quod
1610 1242 1777 1305 patria

89 1319 308 1368 auctoris
350 1318 516 1368 Gallia
564 1323 712 1368 esset.
805 1319 1076 1367 Praeterea
1137 1317 1638 1367 animaduertendum
1700 1318 1777 1363 est

89 1394 395 1456 magistratu
449 1397 500 1442 et
547 1394 795 1456 dignitate
841 1395 1158 1455 praestantes
1205 1393 1343 1440 uiros
1391 1394 1441 1439 et
1487 1391 1642 1439 lautis
1691 1390 1776 1438 sti-

0 1467 2 1470 ’
89 1467 284 1529 pendiis
323 1467 598 1515 militantes
639 1467 956 1516 consueuisse
995 1468 1088 1515 1100
1125 1469 1351 1528 tempore
1392 1481 1560 1514 secum
1590 1464 1776 1512 habere

87 1541 429 1590 litteratorum
490 1542 719 1590 cohortes
783 1544 933 1603 atque
995 1541 1118 1589 adeo
1173 1540 1554 1603 peregrinantes
1611 1553 1778 1586 secum

88 1615 212 1663 urbe
251 1615 482 1677 01111001·ος
523 1631 645 1678 quos
686 1616 862 1678 etiam,
900 1615 989 1663 ubi
1028 1631 1153 1677 opus
1194 1616 1317 1677 erat,
1358 1615 1491 1662 alere
1532 1615 1582 1661 et
1621 1612 1776 1674 copiis

208 1816 250 1872 ²⁸)
286 1816 485 1874 Quietem
518 1830 623 1860 cum
656 1815 743 1859 sibi
776 1815 999 1859 tributam
1032 1815 1166 1870 dicit,
1206 1814 1502 1859 uacationem
1534 1816 1582 1857 et
1612 1813 1775 1857 immu-

88 1876 286 1920 nitatem
323 1889 352 1920 a
382 1875 648 1920 muneribus
682 1876 730 1918 et
760 1874 975 1919 oneribus
1007 1874 1207 1931 publicis
1238 1873 1485 1930 intelligit,
1517 1887 1636 1929 quae
1668 1873 1777 1916 Pro-

87 1935 338 1979 fessor-ibus
378 1937 427 1978 et
463 1934 698 1992 magistris
739 1933 908 1979 artium
950 1934 1221 1990 indulgetur
1258 1933 1330 1977 tit.
1363 1938 1389 1976 3
1422 1934 1476 1977 de
1509 1933 1708 1977 Medicis
1738 1936 1778 1975 ct

93 1994 291 2048 Profess.
322 1993 403 2036 lib.
435 1993 546 2036 XIII
578 1992 688 2037 cod.
721 1993 806 2037 Th.
840 1993 1039 2049 quando,
1071 1995 1125 2036 ut
1155 1993 1231 2036 lex
1262 1998 1303 2036 4.
1338 1992 1435 2035 eius
1466 1991 1594 2036 tituli
1627 1991 1776 2048 expri-

92 2052 198 2107 mit,
237 2053 386 2096 securi
424 2067 455 2096 a
483 2053 697 2096 molestiis
734 2066 973 2097 mwnerum
1003 2053 1207 2097 omnium
1232 2052 1524 2108 publicorum
1553 2051 1778 2107 reliquum

92 2112 256 2156 aetatis
294 2114 468 2167 tempus
504 2111 672 2167 iuyiter
710 2113 906 2168 ayitant.
968 2111 1057 2155 Per
1095 2112 1279 2155 ludicra
1316 2110 1545 2167 intelligit
1574 2109 1777 2154 ludicras

27 2196 30 2211 2
90 2172 214 2215 artes
257 2172 305 2214 et
346 2169 615 2226 spectacula
656 2184 775 2226 quae
819 2170 1016 2214 eduntur
1058 2170 1107 2214 in
1149 2169 1271 2214 ludis
1318 2169 1532 2226 publicis.
1596 2167 1671 2212 Sic
1702 2168 1780 2212 lex

14 2257 23 2274 -,
90 2228 278 2273 Arcadii
323 2228 403 2272 lib.
437 2228 522 2272 XV
566 2227 674 2272 Cod.
707 2229 792 2272 Th.
825 2228 897 2272 tit.
932 2235 957 2273 6
1001 2229 1057 2272 de
1104 2229 1345 2287 Maiuma:
1397 2227 1628 2272 Ludicras
1659 2230 1779 2271 artes

90 2289 374 2333 concedimus
419 2289 592 2345 aqitari
603 2323 612 2344 ‚
659 2301 715 2331 ne
755 2302 811 2331 ea:
856 2289 1004 2332 nimia
1049 2289 1212 2332 harum
1258 2287 1537 2332 restrictione
1582 2286 1776 2331 tristitia

92 2351 340 2405 yeneretur.

238 2405 307 2461 **)
341 2406 535 2460 Quando
555 2406 792 2461 proximos
815 2408 864 2450 et
877 2407 1165 2462 propinquos
1197 2405 1450 2462 coniungit,
1482 2404 1532 2448 id
1563 2403 1778 2448 existimo

92 2479 185 2510 non
215 2465 379 2509 eadem
412 2464 750 2522 significatione
783 2465 1073 2522 cognationis
1107 2468 1155 2510 et
1184 2465 1373 2510 honoris
1406 2463 1519 2507 fieri.
1576 2462 1637 2506 Et
1663 2463 1778 2507 Pro-

91 2524 209 2579 ximi
250 2523 468 2568 uidentur
510 2524 569 2568 ab
613 2525 802 2567 auctore
844 2524 1075 2569 nominari
1119 2526 1248 2568 certa
1291 2523 1520 2581 dignitate
1562 2519 1777 2579 praediti,
1866 2546 1870 2549 «

92 2597 258 2640 nempe
301 2597 461 2627 eorum
499 2583 580 2638 qui
614 2583 827 2626 Proximi
867 2584 1143 2628 scriniorum
1186 2583 1496 2636 uocabantur,
1541 2583 1589 2624 et
1630 2581 1776 2625 tribus

14 2663 17 2665 Δ
94 2642 272 2685 scriniis
303 2642 550 2696 Palatinis,
594 2642 868 2696 Memoriae,
906 2642 1228 2698 Epistolarum
1259 2644 1307 2685 et
1337 2641 1616 2686 IAbellorum
1646 2653 1776 2696 prae-

94 2703 241 2756 erant,
284 2701 341 2744 de
373 2700 539 2756 quibus
583 2701 823 2744 enucleate
867 2701 966 2758 egit
1002 2701 1315 2746 Gothofredus
1357 2701 1407 2744 in
1447 2698 1674 2743 Paratitlo
1718 2697 1777 2742 ad

93 2759 183 2804 Tit.
200 2764 258 2804 26
283 2759 392 2803 libri
407 2759 472 2803 VI
496 2759 607 2804 Cod.
625 2760 710 2803 Th.
736 2760 790 2803 de
815 2759 1051 2804 Proximis
1073 2765 1115 2804 et
1139 2760 1390 2804 Comitibus
1413 2758 1773 2814 dispositionum.

94 2817 223 2862 Haec
266 2818 436 2862 scrinia
477 2819 698 2874 quoniam
749 2818 834 2862 sub
880 2818 1184 2875 dispositione
1234 2819 1461 2875 Mayistri
1509 2815 1775 2871 officiorum

30 2911 32 2913 >
99 2878 244 2931 crant,
275 2877 383 2921 111110
413 2876 494 2921 nbi
525 2878 687 2922 auctor
719 2877 909 2931 Queroli
943 2891 990 2921 se
1022 2875 1091 2921 ait
1119 2878 1240 2922 inter
1267 2877 1511 2922 Proximos
1542 2889 1570 2918 a
1600 2874 1776 2918 Rutilio

95 2935 321 2990 habitum,
353 2949 459 2980 enm
491 2936 725 2992 significat
753 2938 864 2980 tunc
895 2935 1170 2993 Magistrum
1203 2936 1472 2981 Officiorum
1502 2933 1658 2978 fuisse.

183 3018 445 3050 AULULAMA.
1458 3026 1480 3051 c
