2032 3202
779 155 832 160 —-
896 127 1005 170 XIII
1068 153 1122 158 —

251 257 330 318 Rp
370 270 574 317 prorsus
621 253 805 315 pendet
845 268 904 300 ex
942 252 996 314 P,
1045 251 1084 298 P
1125 255 1294 301 autem
1331 255 1389 300 ut
1428 269 1487 300 ex
1523 252 1635 314 ipsa
1674 252 1789 299 sub-

106 330 375 392 scriptione
425 330 566 390 patet
615 327 667 374 in
717 342 815 388 qua
870 325 1145 382 vazonvs
1198 343 1288 388 pro
1342 325 1652 375 AvaLARIA
1702 329 1791 382 est,

107 419 258 466 quam
310 402 523 450 maxime
577 403 655 449 est
708 400 1057 461 interpolatus.
1146 400 1332 448 Textus
1387 400 1544 462 igitur
1595 400 1657 447 ad
1706 399 1793 446 VL

107 493 319 539 quorum
366 476 495 524 alter
542 491 601 522 ex
639 475 798 523 altero
846 473 1193 536 corrigendus,
1242 474 1623 521 conformandus
1672 476 1795 520 erat.

106 550 373 598 Praestare
403 552 599 597 tamen
652 548 910 610 aliquanto
955 547 1256 595 Vaticanum
1307 547 1494 594 librum
1549 547 1796 594 neminem

10 646 15 653 ·
106 623 284 686 fugiet.
360 623 503 670 Libri
541 622 581 669 P
622 621 1039 684 orthographiam
1086 637 1202 669 raro
1243 622 1436 682 curaui,
1484 636 1596 668 cum
1643 621 1796 668 etiam

18 2650 29 2663 :2
17 2620 25 2626 r
11 2300 29 2598 -m-wsaenOE-C*
13 2263 23 2285 ἰ

106 698 199 745 hac
237 697 290 744 in
328 712 382 744 re
420 696 508 744 ubi
546 696 593 742 V
633 698 684 744 et
723 695 762 742 L
804 695 1067 743 discedunt
1105 697 1335 743 accurate
1376 695 1682 743 adnotarem.

256 769 495 827 Quintum
534 772 703 817 extare
741 769 928 816 librum
965 784 1124 830 nuper
1164 771 1456 830 conpertum
1495 772 1572 816 est
1612 784 1671 816 ex
1719 783 1793 814 ar-

107 843 240 892 chiui
277 843 712 891 Francofurtensis
752 846 788 892 t.
826 842 925 889 XII
966 845 1094 891 274:
1133 843 1265 891 inter
1304 842 1526 890 codicum
1565 845 1796 890 ueterum

107 918 366 980 relliquias
407 933 531 979 quas
572 919 837 979 conpactas
877 916 1098 964 continet
1143 917 1272 964 liber
1317 916 1584 978 Reginae
1626 915 1795 964 Chri-

110 991 307 1039 stinae
361 1007 408 1038 n.
465 993 586 1042 314
643 992 882 1053 quattuor
929 993 1103 1038 extant
1148 991 1467 1038 membranae
1517 1006 1552 1037 s.
1593 990 1690 1036 XII
1729 989 1795 1035 in.

0 1125 7 1134 .
107 1064 142 1112 f.
186 1066 487 1113 113-116
543 1065 596 1111 in
650 1064 829 1126 quibus
885 1067 962 1111 est
1017 1054 1283 1111 Aulularia
1331 1065 1414 1110 uel
1467 1064 1635 1125 potius
1691 1063 1796 1110 eius

107 1137 308 1185 fabulae
354 1153 472 1199 pars
520 1129 777 1199 quaedam.
854 1138 984 1185 Eum
1031 1154 1226 1200 quoque
1273 1154 1332 1185 ex
1379 1137 1797 1199 interpolatorum

0 1219 18 1269 f,
110 1226 317 1259 numero
357 1226 466 1258 esse
507 1212 731 1273 suspicor
771 1227 830 1258 ex
869 1227 993 1259 aeuo
1035 1228 1131 1273 quo
1173 1211 1388 1273 scriptus
1428 1211 1737 1272 perhibetur.

262 1357 314 1406 C.
324 1419 334 1431 x
391 1359 753 1420 Excerptorum
792 1359 910 1406 libri

260 1455 315 1525 1)
355 1455 614 1509 ‘Eiusdem
653 1455 900 1526 (Queroli)
923 1462 982 1509 fit
1005 1435 1191 1510 mentio
1221 1463 1273 1509 in
1295 1461 1641 1510 uetustissimo
1666 1461 1795 1508 libro

110 1534 395 1595 glossarum
435 1550 581 1596 quem
619 1536 743 1582 mihi
780 1552 880 1583 una
919 1552 1030 1583 cum
1060 1537 1154 1583 hac
1178 1535 1432 1584 comoedia
1457 1535 1798 1598 suppeditauit

112 1607 424 1667 amplissima
475 1607 581 1655 fani
633 1609 950 1657 Benedicti
1002 1610 1413 1658 Floriacensis
1460 1609 1524 1657 ad
1558 1609 1797 1672 ‘Ligerem

110 1676 449 1819 {g3ss50a,‘
519 1681 753 1730 PDaniel
808 1683 882 1731 ed.
936 1700 1010 1744 pr.
1051 1684 1104 1730 F.
1137 1683 1203 1744 j.¹²
1242 1676 1398 1749 (apud
1454 1682 1697 1731 Orellium
1749 1700 1795 1744 p.

258 1819 316 1892 2)
376 1826 638 1884 Quoddam
691 1832 950 1877 uetustum
1002 1831 1345 1892 fragmentum
1399 1847 1458 1879 ex
1509 1829 1795 1892 Compen-

7 1896 18 1969 ν’
110 1900 408 1948 diensium
444 1902 990 1961 Franciscanorum
1028 1904 1278 1953 coenobio.

264 1969 321 2039 3)
360 1974 754 2037 Antiquissimus
795 1978 948 2026 codex
986 1994 1137 2026 manu
1177 1981 1410 2026 exaratus
1451 1978 1498 2026 S.
1524 1979 1796 2027 Victoris

111 2046 491 2115 Parisienspis
531 2050 610 2096 cui
632 2051 888 2109 Deflorata
927 2066 982 2099 eoo
1019 2054 1156 2101 bonis
1194 2055 1470 2101 auctoribus
1507 2053 1686 2101 titulus
1726 2053 1796 2099 in-

111 2122 203 2167 est.
274 2113 438 2185 (Esse‘
462 2122 593 2170 hunc
632 2125 857 2186 suspicor
896 2126 1000 2173 cod.
1040 2126 1200 2174 Paris.
1239 2126 1385 2174 fonds
1426 2126 1486 2173 de
1526 2125 1596 2174 St.
1621 2127 1797 2174 Victor

110 2209 158 2240 n.
203 2194 306 2242 756
350 2210 386 2241 s.
426 2195 550 2242 XIII
596 2196 648 2243 in
687 2214 783 2259 quo
822 2199 1008 2263 multos
1048 2199 1209 2247 Aldae
1250 2198 1506 2248 Guillelmi
1543 2200 1796 2248 Blesensis

111 2267 244 2315 locos
285 2267 613 2329 deprehendit
650 2266 915 2336 Merilius.)
1390 2288 1395 2292 ·

260 2334 318 2407 4)
358 2341 487 2389 Item
538 2343 820 2392 Lutetiae
871 2346 924 2392 in
974 2346 1184 2408 collegio
1239 2346 1445 2394 Sancti
1498 2346 1794 2395 Geruasii.

122 2407 202 2460 ‘In
240 2414 418 2476 quibus
459 2409 652 2482 (2—4)
698 2419 941 2479 plurimas
982 2420 1255 2468 sententias
1294 2420 1442 2468 huius
1479 2421 1679 2468 fabulae
1720 2436 1797 2468 ex-

121 2490 320 2548 cerptas
371 2491 422 2536 et
470 2490 523 2537 in
561 2507 714 2538 unum
753 2493 985 2541 collectas
1024 2494 1243 2555 repperi,
1285 2497 1433 2556 atque
1472 2495 1594 2542 haec
1633 2495 1798 2542 omnia
1884 2540 1889 2543 1

114 2560 206 2607 sub
259 2561 441 2610 Plauti
492 2565 689 2612 nomine
743 2567 796 2613 in
846 2562 1150 2615 Aulularia?
1232 2567 1413 2615 Daniel
1465 2569 1497 2615 l.
1551 2569 1583 2616 l.
1640 2562 1799 2635 (apud

115 2631 359 2682 Orellium
395 2653 443 2697 p.
482 2633 704 2703 LXXV).

228 2716 236 2718 ”
259 2707 334 2755 Ex
370 2709 533 2759 tribus
573 2712 716 2760 libris
740 2705 940 2777 nihil*)‚
980 2729 1138 2775 pauca
1162 2730 1221 2761 ex
1245 2713 1292 2762 S.
1311 2678 1654 2764 Victoriniano
1679 2731 1794 2777 pro-

150 2904 158 2912 .
231 2845 274 2914 ᾗ)
304 2863 415 2915 nam
453 2863 510 2894 ex
540 2853 706 2907 quarto
747 2852 791 2896 S.
825 2852 1038 2897 Geruasii
1067 2868 1206 2910 quem
1238 2854 1286 2898 in
1318 2855 1529 2899 secundis
1563 2856 1683 2900 curis
1716 2857 1794 2900 ad-

111 2904 266 2949 h1bu1t
297 2909 500 2952 eltantnr
531 2911 648 2955 haec
679 2913 882 2955 tantum:
920 2916 988 2966 13,
1023 2918 1079 2956 14
1110 2914 1197 2958 huc
1227 2919 1402 2970 quanta
1466 2919 1533 2967 13,
1568 2920 1623 2959 23
1658 2928 1796 2972 ayno-
