2032 3202
734 129 1096 174 —xxv—

234 259 316 320 18,
358 259 424 305 19
476 255 648 316 Veryil.
671 253 735 302 A.
759 256 898 303 IIII
915 258 1014 302 100
1066 254 1236 302 Habes
1275 257 1385 302 tota
1424 256 1555 317 quod
1591 260 1759 304 mente

79 331 254 394 petisti

237 405 319 458 18,
360 405 424 451 21
466 402 690 450 quenal.
739 402 821 450 VI
852 403 958 450 326
1002 401 1232 450 Nestoris
1272 401 1446 450 hirnea

234 478 316 538 18,
358 477 424 524 24
475 475 579 524 Ter.
619 475 796 523 Heaut.
836 475 941 523 325
1001 474 1107 523 Aut
1158 475 1281 523 haec
1330 491 1441 523 cum
1490 477 1590 524 illis
1641 479 1759 525 sunt

83 550 326 614 habenda,
364 551 453 597 aut
489 549 578 597 illa
616 564 728 596 cum
763 549 843 597 his
881 549 1126 597 mittenda
1164 551 1280 597 sunt

228 624 311 685 20,
354 625 420 671 19
473 623 647 684 Veryil.
683 621 747 670 A.
797 623 878 671 VI
911 626 1010 670 100
1059 621 1297 671 Obscuris
1335 638 1458 670 uera
1494 623 1757 671 inuoluens

228 699 311 759 21,
353 699 382 744 6
442 697 548 744 Ter.
587 697 778 744 Phorm.
819 697 919 744 459
970 696 1213 744 Incertior
1261 712 1371 744 sum
1408 697 1567 744 multo
1607 712 1757 759 quam

79 770 265 818 dudum

226 845 310 906 21,
352 845 421 891 20
459 842 484 891 ‘?
527 843 721 891 Tacitus
757 843 886 891 Hist.
925 843 997 890 II
1029 844 1097 890 88
1156 843 1431 891 incuriosos
1470 843 1656 891 milites
1682 869 1754 877 —-

78 918 346 966 uernacula
383 917 656 965 utebantur
699 916 987 964 urbanitate
1015 942 1083 949 —-—
1110 916 1313 978 quidam
1353 917 1633 978 spoliauere
1673 917 1756 965 ab·

80 991 219 1040 scisis
257 991 433 1038 furtim
471 990 670 1052 balteis,
710 1005 774 1037 an
812 990 1021 1038 accincti
1058 990 1224 1038 forent
1262 990 1543 1052 rogitantes

227 1066 310 1126 21,
353 1065 419 1111 22
459 1064 539 1110 Pl.
577 1062 747 1111 Aulul.
784 1063 877 1111 IV
910 1066 956 1118 4,
996 1066 1061 1110 14
1099 1063 1230 1110 Hem
1267 1064 1363 1111 tibi

229 1139 319 1198 22,
361 1139 391 1185 9
453 1137 533 1184 Pl.
572 1137 718 1185 Most.
759 1137 860 1183 775
918 1136 1260 1185 Alexandrum
1313 1153 1554 1200 magnum
1605 1140 1758 1200 atque

78 1211 410 1273 Agathoclem
449 1210 590 1258 aiunt
626 1225 884 1258 maxumas
943 1210 1056 1259 Duo
1095 1226 1176 1263 res
1215 1211 1453 1273 gessisse:
1494 1211 1612 1274 quid
1634 1212 1759 1259 mihi

74 1285 162 1333 fiet
198 1284 364 1346 tertio,
406 1283 501 1340 Qui
542 1285 676 1332 solus
713 1284 842 1332 facio
881 1284 1104 1332 facinora
1141 1284 1464 1333 inmortalia?

227 1360 311 1419 22,
355 1360 419 1406 17
460 1357 540 1404 Pl.
579 1358 722 1405 Poen.
762 1358 834 1404 II
865 1359 916 1412 2,
941 1361 974 1405 9
1017 1357 1179 1406 Hodie
1216 1358 1340 1406 iuris
1379 1359 1620 1406 coctiores
1657 1374 1758 1407 non

78 1434 195 1480 sunt
233 1431 318 1493 qui
355 1431 470 1478 lites
509 1433 695 1479 creant.
770 1431 916 1490 Epid.
941 1431 1047 1478 III
1064 1434 1095 1478 4
1120 1446 1188 1479 ex.
1227 1430 1394 1493 Atque
1432 1447 1511 1479 me
1549 1432 1757 1480 minoris

76 1505 204 1552 facio
244 1519 365 1566 prae
405 1504 494 1552 illo
534 1504 620 1565 qui
659 1504 879 1552 omnium
953 1503 1148 1567 Legum
1187 1507 1338 1567 atque
1376 1505 1562 1552 iurium
1598 1506 1757 1568 fictor,

75 1578 302 1625 conditor
340 1577 473 1625 cluet

222 1653 307 1712 22,
351 1652 415 1698 18
456 1650 683 1712 Apicius:
722 1651 947 1699 Iwaenal.
986 1651 1125 1698 IIII
1141 1653 1213 1699 23
1270 1651 1359 1698 Χῖ
1376 1653 1410 1698 3
1472 1654 1531 1713 cf.
1567 1653 1753 1713 Teuffel

78 1723 242 1773 Gesch.
282 1725 327 1771 d.
366 1728 485 1771 ro'm.
525 1724 623 1771 Lit.
661 1721 697 1785 5
734 1726 853 1779 267,
894 1727 925 1771 4

224 1799 308 1856 23,
353 1798 417 1844 13
457 1797 537 1844 Pl.
577 1797 723 1845 Most.
764 1799 863 1845 490
901 1800 997 1844 491
1039 1799 1165 1846 493.·
1210 1798 1263 1845 111
1302 1799 1487 1848 801111118

224 1873 308 1932 24,
351 1871 416 1918 13
458 1871 517 1930 cf.
560 1870 665 1918 Ter.
704 1868 864 1918 Andr.
904 1873 1005 1918 670
1041 1872 1179 1931 infra
1218 1873 1284 1919 ad
1311 1887 1365 1932 p.
1407 1873 1487 1927 56,
1527 1875 1598 1921 12
1621 1877 1664 1921 et
1686 1876 1754 1922 18

225 1946 310 2005 24,
352 1945 417 1990 14
456 1943 536 1991 Pl.
577 1943 713 2004 Gapt.
754 1946 854 1992 410
913 1944 1045 1991 Nam
1087 1947 1179 1993 tua
1224 1961 1377 2007 opera
1423 1949 1473 1994 et
1520 1947 1756 1996 comitate

81 2019 132 2064 et
169 2017 360 2064 uirtute
398 2019 450 2063 et
488 2017 734 2078 sapientia
770 2018 957 2066 Fecisti
997 2045 1065 2051 —

225 2091 310 2151 24,
356 2091 418 2137 15
458 2089 538 2136 Pl.
562 2090 714 2139 Persa
734 2092 774 2139 I
791 2093 840 2147 3,
865 2093 933 2139 43
981 2091 1166 2154 Cynica
1189 2108 1299 2141 esse
1324 2109 1350 2141 e
1376 2096 1526 2156 gente
1551 2097 1751 2156 oportet

12 2140 22 2231 vf
74 2163 353 2226 parasitum
390 2161 546 2224 probe

224 2238 308 2298 24,
349 2238 418 2284 20
478 2235 559 2285 Pl.
597 2237 708 2285 Mil.
748 2241 815 2285 47
874 2239 1026 2286 Recte
1065 2239 1311 2287 rationem
1348 2242 1505 2289 tenes.

226 2312 309 2372 26,
351 2313 379 2358 7
420 2309 500 2356 Pl.
540 2310 684 2358 Most.
725 2313 860 2358 1037
896 2312 920 2359 Ι
959 2327 1176 2374 1116611111,
1217 2328 1445 2376 opsecro,
1484 2330 1585 2362 una
1622 2330 1752 2364 nunc

16 2409 17 2413 =
75 2384 247 2431 semul.
322 2385 382 2443 cf.
419 2383 562 2430 Poen.
600 2384 705 2432 III
739 2388 784 2440 1,
825 2385 891 2433 50
962 2386 1105 2434 Poen.
1148 2386 1194 2434 V
1220 2387 1269 2441 3,
1308 2388 1380 2434 28
1452 2388 1624 2436 Pseud.
1651 2391 1750 2436 410

0 2504 20 2586 {1
72 2455 206 2650 ζῖε
224 2459 377 2592 217ἶο7
422 2531 528 2579 Ter.
567 2529 662 2579 Ad.
689 2531 787 2579 945
826 2530 878 2579 Si
915 2547 1006 2580 uos
1043 2535 1187 2581 tanto
1226 2549 1375 2595 opere
1414 2534 1544 2582 istuc
1582 2536 1749 2599 uoltiS,

4 2657 26 2764 ³3
100 2617 140 2747 'a
214 2677 418 2760 .2.8,14.
446 2678 619 2740 Veryil.
643 2677 706 2726 A.
731 2679 836 2727 III
854 2681 954 2727 621
992 2679 1099 2728 Ν66
1139 2680 1253 2728 111811
1289 2680 1452 2729 facilis
1490 2697 1581 2730 1166
1619 2682 1754 2730 dictu

75 2747 292 2797 affabilis
330 2750 423 2798 ulli

223 2822 308 2885 29,
346 2825 380 2871 4
443 2825 616 2886 Veryil.
650 2826 754 2874 Ecl.
804 2825 951 2873 VIII
984 2829 1051 2874 99
1102 2826 1270 2890 Atque
1318 2830 1453 2876 satas
1501 2829 1598 2877 alio
1646 2829 1753 2876 uidi

30 2959 51 2965 ..
71 2894 334 2943 traducere
373 2913 560 2947 messes
