2032 3202
786 147 1104 191 -XV-

250 272 306 342 6)
344 277 704 338 Excerptorum
742 274 872 321 liber
912 271 1230 320 Parisinus
1270 271 1783 320 Nostre-Damen-

103 351 186 399 sis
245 351 347 399 188
403 349 608 397 membr.
649 364 687 396 s.
728 347 865 394 XIII.
942 346 1064 393 Inde
1112 345 1422 393 Tibullianos
1476 360 1653 393 uersus
1707 345 1787 392 de-

108 424 307 486 scripsit
345 423 402 470 E.
425 421 749 470 Woelfflinus
788 420 1041 481 Philologi
1080 423 1114 467 t.
1140 419 1332 466 XXVII
1374 413 1568 484 (1868)
1606 435 1653 480 p.
1682 420 1783 466 152

103 524 172 530 —-
188 499 290 545 157
333 496 392 544 cf.
431 496 603 544 Rothii
644 495 706 542 ad
747 494 1039 542 Suetonium
1077 492 1234 555 praef.
1274 492 1514 554 XXXIII,
1553 492 1789 540 Bursiani

99 711 166 752 pr.
187 695 330 740 Tobie
353 695 608 749 (Matthaei
628 693 996 749 Vindocineusis)
1058 697 1133 736 181
1163 693 1300 737 Noua
1330 692 1511 749 poetria
1540 692 1791 746 (Galfridi)

101 760 184 798 2011
215 760 233 808 (
244 754 452 811 Viryuii)
488 754 538 798 in
568 753 793 798 bucolicis
827 779 881 784 —
921 753 971 796 in
1000 752 1230 809 georgicis
1262 778 1317 783 —
1351 752 1401 795 in
1431 751 1621 807 Eneyde
1714 756 1789 794 211

100 814 312 857 Lucanus
396 817 474 856 221
514 812 780 856 Alexander
821 811 1021 865 (Galteri
1065 812 1119 855 de
1152 811 1440 866 (Ia-stellione)
1479 810 1599 854 libro
1637 810 1788 866 primo

103 877 187 915 2211
218 871 326 916 libri
358 872 549 916 secundi
610 876 687 914 241
710 871 817 914 libri
847 870 975 914 tertii
997 871 1296 927 (reliquorum
1327 871 1548 914 librorum
1580 873 1789 924 excerpta

100 932 437 986 desiderantum
484 957 538 962 —
586 930 640 973 In
679 930 826 973 stacio
857 929 1135 973 Prudentius
1172 929 1222 972 in
1259 928 1502 986 prohemio
1542 928 1599 971 de
1631 941 1791 984 pugna

101 990 330 1033 uirtutum
361 991 410 1033 et
430 989 654 1033 uitiorum
714 993 792 1032 251
816 988 1098 1032 Claudianus
1124 990 1287 1033 contra
1309 987 1560 1044 ruphinum
1622 991 1698 1031 271
1720 1002 1788 1043 pr.

101 1048 337 1092 Marcialis
399 1053 476 1092 291
508 1047 650 1092 Gaius
673 1047 888 1091 Valerius
911 1047 1107 1091 Flaccus
1138 1048 1188 1090 in
1218 1047 1370 1104 primo
1403 1045 1707 1103 argonautico
1734 1071 1787 1076 ——

101 1106 327 1163 Virgilius
358 1107 407 1150 in
439 1107 585 1151 culice
618 1106 674 1150 de
706 1106 995 1150 beatitudine
1027 1107 1246 1163 pauperis
1276 1106 1374 1150 uite
1400 1132 1455 1137 —-
1487 1104 1711 1161 Virgilius
1741 1104 1789 1147 in

104 1166 246 1208 ethna
279 1192 333 1197 —
366 1166 579 1209 Lucanus
611 1165 669 1208 de
702 1165 840 1208 laude
871 1165 1052 1210 Pisonis
1114 1170 1199 1210 2911
1231 1164 1539 1222 Calphurnius
1569 1165 1630 1207 in.
1649 1164 1790 1207 buco·

101 1224 203 1268 licis
236 1250 291 1255 —
323 1224 373 1267 in
403 1224 614 1268 quenali
675 1229 753 1268 331
782 1224 832 1267 in
861 1224 1020 1269 Persio
1046 1250 1101 1256 —
1134 1224 1363 1269 Horacius
1394 1224 1443 1267 in
1473 1222 1656 1280 poetria
1715 1227 1793 1266 341

100 1283 327 1326 Horacius
357 1283 406 1326 in
438 1283 726 1327 sermonibus
788 1288 866 1327 351
895 1283 1122 1328 Horacius
1145 1284 1195 1327 in
1218 1283 1428 1340 epistolis
1491 1288 1568 1326 371
1598 1281 1790 1338 Expli-

102 1342 262 1384 ciunt
290 1341 470 1386 flores
503 1345 799 1386 auctorum
860 1348 938 1386 371
969 1343 1246 1386 Therentius
1276 1343 1327 1386 in
1357 1341 1521 1385 andria
1545 1367 1600 1373 —
1626 1341 1711 1384 Th.
1743 1341 1792 1383 in

107 1399 321 1456 adelphis
353 1426 408 1432 -
448 1401 531 1445 Iob
621 1405 699 1444 381
732 1401 961 1444 Salustius
1053 1407 1132 1445 391
1160 1401 1350 1446 Boetius
1383 1401 1440 1444 de
1473 1399 1791 1444 consolatione

103 1463 181 1502 421
212 1471 269 1501 ex
299 1459 494 1503 Platone
520 1486 575 1490 —
602 1473 658 1502 ex
687 1460 924 1503 Marciano
949 1486 1005 1491 —
1030 1474 1087 1503 ex
1117 1460 1355 1504 Macrobio
1417 1465 1501 1502 4211
1526 1458 1705 1502 Tullius
1734 1458 1791 1501 de

101 1517 345 1561 rethoricis
414 1523 493 1561 431
524 1518 704 1561 Tullius
735 1518 784 1561 in
814 1519 964 1575 primo
996 1519 1116 1563 libro
1148 1519 1205 1563 de
1238 1519 1404 1563 officiis
1481 1523 1560 1562 511
1589 1517 1646 1561 de
1679 1517 1792 1560 ami-

102 1576 213 1620 citia
288 1580 372 1620 5311
403 1577 459 1620 de
493 1578 729 1621 senectute
806 1582 891 1621 5411
921 1578 970 1621 in
1000 1578 1248 1634 paradoxis
1281 1583 1366 1622 5611
1398 1577 1712 1631 Quintilianus
1742 1576 1791 1620 in

101 1634 308 1677 materiis
372 1635 525 1679 581111
554 1636 674 1680 libro
708 1650 952 1680 causarum
1013 1641 1090 1681 591
1121 1637 1299 1682 Seneca
1329 1637 1390 1681 ad
1420 1635 1654 1680 Lucillum
1716 1640 1793 1679 651

102 1692 285 1736 Tullius
325 1695 487 1738 contra
520 1694 794 1738 Sallustium
864 1700 947 1739 6511
984 1695 1177 1740 Plautus
1208 1697 1257 1739 in
1289 1695 1521 1740 aulularia
1590 1699 1667 1739 661
1696 1694 1792 1738 Ma-

103 1752 285 1796 crobius
327 1752 375 1795 in
423 1753 734 1797 saturnalibus
775 1779 829 1784 —
872 1753 1050 1798 Seneca
1094 1754 1144 1798 in
1189 1754 1606 1799 declamationibus
1648 1778 1704 1785 -
1743 1754 1793 1796 in

105 1810 149 1852 ΙΟ
181 1810 238 1854 de
268 1811 504 1855 beneficiis
567 1817 643 1856 671
673 1812 722 1855 in
752 1812 798 1854 I0
830 1812 886 1856 de
921 1812 1170 1858 clementia
1233 1818 1308 1858 681
1338 1814 1387 1857 in
1418 1813 1538 1856 libro
1570 1813 1627 1856 de
1658 1814 1791 1856 natu-

101 1869 277 1914 ralibus
316 1869 634 1926 questionibus
727 1876 810 1915 6911
851 1871 920 1915 Ex
956 1873 1167 1929 Argellio
1206 1873 1415 1918 noctium
1456 1871 1707 1916 articarum
1745 1871 1794 1914 in

102 1927 253 1984 primo
347 1933 424 1973 701
464 1930 610 1982 (Iulii
650 1929 787 1983 CeLsi)
818 1930 887 1973 Ex
918 1931 1062 1987 gestis
1095 1934 1264 1976 cesaris
1298 1958 1353 1964 —-
1388 1930 1617 1987 Sydonius
1711 1935 1795 1974 7011

105 1985 404 2032 Cassiodorus
468 1993 544 2032 711
575 1988 822 2033 Suetonius
886 1994 969 2033 7111
998 1990 1155 2036 Verba
1186 1991 1424 2048 scriptoris
1456 1990 1517 2033 ad
1547 1990 1791 2033 lectorem:

282 2059 420 2104 Dicta
449 2062 579 2105 tenes
610 2064 822 2106 ueterum
854 2063 958 2121 lege
992 2064 1176 2121 singula
1208 2064 1378 2122 collige
1409 2077 1573 2107 uerum

284 2119 510 2175 Exempla
541 2122 590 2163 et
618 2134 801 2165 morum
832 2123 981 2167 retine
1013 2123 1201 2167 decreta
1230 2124 1438 2180 priorum

281 2178 407 2220 Finis
440 2178 574 2222 adest
605 2179 797 2238 [operis]
832 2181 926 2224 sint
954 2184 1067 2226 uota
1097 2195 1349 2238 precesque
1381 2182 1555 2226 laboris

284 2236 470 2280 Premia
502 2237 563 2280 sit
592 2238 692 2281 ueri
722 2241 804 2282 tua
835 2239 989 2296 gratia
1019 2241 1189 2297 pignus
1222 2241 1394 2285 amoris

21 2327 25 2332 ’
104 2327 320 2368 secuntur
364 2326 643 2369 ”tonosticha
688 2328 910 2382 quaedam
995 2333 1070 2372 721
1109 2329 1286 2373 Seneca
1324 2329 1381 2372 de
1415 2314 1506 2372 gor
1542 2311 1793 2374 uirtutibus

43 2406 46 2409 Δ
107 2386 190 2426 7311
221 2383 422 2439 quedam
453 2386 650 2440 excepta
681 2383 855 2430 Senece
887 2387 943 2431 de
974 2387 1212 2431 beneficiis
1287 2393 1363 2431 741
1393 2390 1588 2444 excepta
1620 2388 1793 2433 Senece

105 2440 163 2484 de
204 2441 453 2487 clementia
491 2443 786 2499 imperatoris
820 2470 874 2476 —
907 2446 964 2489 de
999 2446 1163 2490 officiis
1198 2472 1252 2478 —
1288 2446 1347 2490 ad
1378 2446 1633 2490 Damasum
1712 2453 1795 2492 7411

42 2552 45 2554 q
106 2499 360 2545 Ieronimus
391 2501 612 2546 Eliodoro
635 2528 695 2535 —
718 2502 974 2548 Ieronimus
998 2505 1259 2562 Augustino
1285 2531 1339 2537 —
1365 2506 1652 2562 Augustinus
1684 2507 1790 2550 ebo·

106 2557 219 2602 doro
249 2561 355 2615 (sic)
377 2586 432 2593 -
457 2561 652 2605 Paulino
684 2561 806 2617 phi-o
839 2588 894 2594 —
928 2563 985 2607 de
1018 2578 1220 2608 occeano
1244 2590 1299 2596 —
1327 2564 1499 2609 Sabino
1530 2564 1711 2610 Iuliano
1735 2591 1791 2598 —

27 2619 39 2679 1·
107 2615 403 2674 Turpilianus
434 2619 599 2664 Nicete
626 2646 679 2651 —
706 2619 922 2666 Ebodoro
952 2623 1059 2678 (sic)
1081 2649 1136 2655 —
1162 2625 1326 2667 eontra
1355 2624 1561 2679 prelatos
1590 2650 1644 2656 —
1670 2624 1793 2668 Iero-

106 2688 258 2734 nimus
289 2690 346 2735 de
379 2695 521 2749 expoe
552 2681 714 2737 mathe'
746 2695 928 2751 aliaque
990 2701 1064 2740 771
1095 2709 1254 2741 uersus
1278 2697 1451 2741 leonini
1478 2698 1577 2742 sine
1606 2699 1795 2742 rubrica

110 2750 192 2790 77¹²
229 2747 566 2806 Expliciunt
606 2752 783 2797 flores
830 2755 942 2797 tam
988 2757 1281 2799 auctorum
1327 2769 1487 2812 quam
1534 2757 1792 2813 philoso-

33 2811 46 2862 χ’
108 2804 359 2860 phorum.
422 2809 638 2867 Sequitur
676 2813 731 2856 de
767 2813 951 2868 feminis
981 2827 1162 2859 carmen
1194 2818 1254 2859 35
1284 2815 1492 2859 uersibus
1522 2820 1733 2860 constans
1764 2830 1795 2859 a

111 2864 284 2917 femina
313 2879 421 2912 uoce
449 2869 776 2925 incipientibus
805 2885 996 2928 quorum
1022 2874 1224 2928 primus:
1255 2873 1447 2917 Femina
1470 2874 1618 2918 uincit
1641 2874 1794 2929 adam,

50 2927 53 2930 “
109 2922 262 2967 uictus
294 2923 383 2968 fuit
413 2927 577 2972 arbore
608 2929 824 2984 quadam.
888 2930 1086 2975 Finitur
1117 2932 1229 2975 liber
1258 2933 1329 2976 his
1360 2934 1620 2977 uersiculis.-
