2032 3202
811 108 1131 152 ——VII—

276 233 437 281 Notae
491 236 641 296 atque
695 232 1064 281 emendationes
1119 232 1413 280 Danielinae
1474 248 1574 280 non
1637 231 1807 280 addito

129 307 346 355 auctoris
385 307 581 355 nomine
621 307 868 355 exhibitae
907 322 997 368 pro
1038 306 1456 354 Rittershusiam‘s
1496 310 1672 368 postea
1710 322 1810 353 non

130 381 284 428 semel
323 383 438 428 sunt
476 381 693 428 habitae.
768 380 931 428 Huius
969 380 1087 427 libri
1126 372 1305 445 (aeque
1345 380 1447 427 rari
1486 383 1636 442 atque
1675 380 1812 442 prin-

128 469 243 515 ceps
284 448 459 520 editio)
499 454 803 516 exemplaria
842 456 1108 502 seruantur
1130 454 1183 500 in
1206 453 1621 516 Heidelbergensi
1661 457 1810 515 atque

132 525 580 590 Guelpherbytana
610 528 928 576 bibliotheca.

278 713 459 778 Plauti
499 714 807 768 comoediae
839 713 941 767 XX
966 714 1284 783 superstites
1326 716 1380 765 et
1418 713 1818 782 deperditarum

133 801 443 872 fragmenta
488 802 592 856 Ph.
638 802 876 856 Pareus
923 803 1193 855 recensuit
1239 821 1302 855 ac
1347 802 1493 855 notis
1540 802 1817 871 perpetuis

129 890 442 944 illustrauit.
520 891 726 944 accedit
778 891 1002 944 Plautus
1055 891 1522 960 Hypobolimaeus
1577 890 1682 943 hoc
1738 893 1820 943 est

133 977 322 1032 Gildae
379 978 651 1049 Sapientis
705 978 955 1033 Britanni
1019 978 1280 1041 Querolus
1345 980 1456 1032 siue
1518 978 1819 1032 Aulularia.

132 1066 382 1122 Francos.
425 1069 568 1122 1610
645 1071 702 1122 8⁰
740 1099 813 1106 -
861 1099 930 1105 —
972 1068 1178 1121 accedit
1212 1067 1644 1120 Pseudo-Plauti
1685 1066 1819 1128 Que-

131 1157 279 1210 rolus
324 1157 560 1226 Neapoli
604 1156 896 1210 Nemetum
947 1157 1088 1210 1619
1136 1157 1195 1209 4⁰
1246 1187 1311 1194 -
1373 1187 1436 1193 —
1494 1186 1568 1194 —
1616 1155 1822 1208 accedit

134 1243 325 1298 Gildae
380 1244 652 1314 Sapientis
709 1244 973 1308 Querolus
1030 1249 1084 1298 et
1140 1244 1673 1302 animaduersionum
1730 1244 1819 1296 ab·

132 1333 386 1403 legmina.
462 1333 709 1389 Francos.
753 1335 891 1387 1641
935 1336 993 1387 8⁰

278 1487 514 1548 Repetita
562 1490 639 1535 est
677 1487 825 1535 Parei
872 1486 1024 1534 editio
1065 1486 1250 1534 omissa
1290 1485 1353 1532 ad
1391 1485 1640 1533 Rutilium
1678 1499 1819 1546 prae-

129 1559 319 1608 fatione
366 1560 418 1608 in
464 1561 748 1609 collectionis
783 1551 1095 1609 Pisum-ensis
1141 1561 1354 1608 omnium
1383 1562 1662 1619 poematum
1702 1596 1713 1605 .
1754 1596 1763 1605 .

129 1633 332 1682 Pisawri
370 1636 504 1681 1766
543 1635 597 1680 4⁰
636 1638 667 1682 i.
705 1635 797 1683 IV
819 1650 874 1694 10.
913 1636 1014 1682 201
1054 1649 1151 1694 sqq.

279 1707 355 1754 Ex
407 1708 516 1769 ipso
571 1707 796 1756 Danielis
851 1707 1123 1769 exemplari
1176 1706 1446 1768 repetitam
1499 1706 1620 1753 dicit
1673 1705 1821 1752 FLA

131 1779 415 1843 Schweiger
470 1775 773 1847 (Handbuch
827 1781 915 1828 der
969 1781 1270 1829 classischen
1321 1779 1701 1842 Bibliographie
1765 1779 1833 1831 Π,

135 1847 265 1919 774)
305 1854 606 1902 Patauinam
645 1855 915 1903 editionem
951 1855 1100 1903 hanc:

278 1928 451 1977 Plauti
505 1930 769 1978 comoediae
820 1920 1095 1990 'superstites
1152 1927 1259 1975 XX
1293 1963 1307 1976 .
1346 1965 1357 1976 .
1397 1928 1569 1987 quibus
1622 1927 1820 1973 accessit

133 1998 366 2061 Querolus
404 2003 643 2051 comoedia
681 2005 868 2063 antiqui
906 2004 1116 2051 auctoris
1152 2002 1328 2050 Patau.
1384 2015 1477 2049 exc.
1516 2001 1560 2049 J
1557 2015 1623 2048 os.
1664 1998 1820 2047 Comi-

133 2089 228 2123 nus
267 2077 400 2122 1764
439 2077 496 2122 8ο
523 2088 580 2138 p.
619 2077 692 2124 II

281 2148 480 2197 Nouam
518 2149 789 2198 editionem
827 2150 1049 2198 instituit
1073 2150 1106 2196 J
1117 2150 1349 2197 ohanne
1362 2164 1383 2196 s
1425 2147 1461 2196 C
1473 2147 1785 2195 hristianu
1800 2161 1822 2193 s

133 2220 593 2271 wernsdorfius
635 2216 1067 2290 (1732—1793).
1129 2223 1223 2271 Est
1260 2223 1313 2269 in
1350 2222 1656 2269 bibliotheca
1694 2221 1822 2268 Bon-

133 2295 276 2343 nensi
314 2296 582 2345 fasciculus
622 2297 728 2345 eius
767 2312 918 2344 manu
958 2297 1174 2359 scriptus
1216 2289 1305 2360 (71
1350 2312 1396 2357 v,
1435 2296 1468 2342 b
1508 2294 1595 2342 VI.
1634 2310 1680 2342 n.
1715 2295 1819 2341 259

135 2370 356 2432 catalogi
411 2386 440 2417 a
478 2369 669 2418 Klettio
725 2364 958 2437 confecti)
1015 2371 1099 2433 qui
1153 2369 1374 2417 continet
1419 2369 1617 2416 Hosidii
1673 2366 1825 2416 Getae

134 2442 376 2499 Medeam,
417 2443 694 2504 Querolum,
743 2445 1038 2504 Fraymeuta
1074 2445 1244 2493 selecta
1284 2443 1600 2502 Il⁷raqicorum
1638 2445 1681 2490 et
1718 2441 1817 2488 Mi-

132 2530 324 2564 morum
374 2522 611 2573 ueterum,
664 2521 843 2579 parata
898 2518 1063 2566 omnia
1112 2520 1170 2564 ut
1216 2516 1354 2578 typis
1403 2515 1820 2564 describerentur.
1876 2538 1880 2541 »

15 2590 38 2621 Ψ
135 2589 302 2652 Atque
343 2590 545 2648 Queroli
583 2591 958 2653 inscriptionem
987 2592 1115 2638 hanc
1155 2605 1263 2638 esse
1301 2589 1485 2638 uoluit:

285 2663 539 2725 Querolus,
593 2667 697 2714 siue
741 2663 1010 2714 Aulularia
1054 2665 1248 2718 Plauti,
1319 2664 1560 2712 comoedia
1636 2663 1822 2722 antiqui

137 2740 361 2787 auctori&
417 2738 540 2786 Cum
576 2740 776 2799 iuteyris
812 2739 867 2786 P.
893 2738 1131 2792 Danielis,
1173 2736 1226 2785 Ο.
1251 2737 1577 2792 Rittershusii,
1615 2737 1668 2785 J.
1696 2734 1823 2784 Gru-

137 2811 227 2858 teri
265 2814 308 2859 et
345 2813 525 2860 selectis
561 2813 614 2860 J.
637 2812 725 2861 Ph.
763 2811 925 2867 Parei,
966 2810 1111 2872 Casp.
1135 2811 1335 2859 Bartkii
1374 2815 1416 2858 et
1453 2811 1663 2858 aliorum
1700 2811 1825 2857 uotis

138 2884 311 2942 quibus
350 2886 580 2934 accedunt
605 2886 1049 2935 animaduersiones
1074 2886 1278 2933 editoris.
1329 2883 1658 2932 Wernsdorfii
1684 2898 1823 2944 prae-
