2032 3202
745 143 1111 196 -15—

86 262 212 315 hinc
242 260 546 315 uincimus?
584 259 684 314 Dic
715 278 913 330 quaeso
952 278 1093 313 nunc
1131 259 1286 312 mihi:
1326 278 1482 330 quem
1519 263 1580 314 tu
1610 264 1769 329 putas

48 353 52 358 ·
86 335 419 389 feliciorem?
492 337 601 387 tete
649 352 720 387 an
760 334 925 387 istum
970 334 1034 386 de
1081 351 1187 404 quo
1244 334 1515 404 quereris?
1593 334 1770 397 QVER.

89 409 353 472 Quidnam
389 408 477 462 hic
523 408 694 460 simile
741 407 859 460 est‘?
934 406 1048 460 Aut
1098 409 1484 477 numquidnam
1538 408 1770 462 dubitari

13 481 33 497 ¹
89 485 270 552 potest
305 482 598 534 feliciorem
635 499 756 534 eum
780 499 895 534 esse
920 481 1010 551 qui
1049 482 1275 534 alterum
1316 482 1465 551 queri
1504 483 1772 553 conpellit,

87 573 247 625 quam
271 555 360 608 ille
385 555 477 624 qui
500 555 567 607 ad
589 555 860 625 querelam
885 555 1169 626 confugit?
1191 554 1329 607 LAR.
1367 555 1508 608 Hem
1532 555 1771 626 Querole,
1802 574 1827 614 5

32 629 33 633 ’
86 629 169 682 uis
209 629 316 681 iam
346 646 489 682 nunc
518 629 761 698 facimuS‚
798 632 861 682 ut
889 629 1240 682 infeliciorem
1279 647 1394 682 esse
1424 629 1568 682 hunc
1599 630 1768 684 scias?

27 754 31 759 .
88 701 263 765 QVER.
302 701 474 755 Valde
512 703 683 771 cupio.
721 701 859 756 LAR.
899 701 1004 756 Sed
1032 703 1136 756 hoc
1168 705 1382 773 egomet
1418 703 1519 756 tibi
1558 707 1770 756 tantum

85 776 348 829 indicabo.
420 775 705 829 Paululum
751 795 934 830 aurem
984 777 1341 830 accommoda.
1419 776 1595 839 QVER.
1665 776 1771 830 Cur

84 867 197 903 non
235 852 417 918 aperte
455 850 726 920 loqueris?
815 849 1218 920 Numquidnam
1257 851 1418 903 etiam
1471 855 1531 904 tu
1576 851 1770 904 times?

0 930 4 963 >¹
84 921 226 976 LAR.
281 922 479 986 Quidni
515 924 734 976 timeam
773 925 864 993 qui
900 926 1077 977 tecum
1114 924 1277 978 uiuo?
1323 924 1525 977 Aurem
1565 942 1769 978 accom-
1804 945 1857 984 10

87 997 260 1050 moda.
335 996 509 1059 QVER.
584 997 702 1067 Age
749 997 925 1051 dicito.
1022 997 1271 1065 Hahahe,
1332 999 1530 1051 habeat
1587 1001 1771 1051 teneat

0 1133 1 1140 ἵ
87 1070 360 1139 possideat
406 1089 566 1140 seque
614 1088 733 1124 cum
780 1072 904 1125 suiS.
980 1071 1149 1124 Laute
1200 1073 1389 1141 edepol
1434 1090 1534 1125 nos
1574 1073 1768 1142 accipis

88 1144 287 1197 doctor.
324 1144 449 1198 ΕΑΒ.
488 1143 543 1196 N
545 1145 719 1198 onne‘?
762 1145 916 1211 QVER.
957 1148 1098 1198 certe
1136 1146 1245 1198 iam
1282 1146 1421 1199 nihil
1460 1163 1769 1215 conqueror.

87 1216 224 1270 LAR.
288 1217 425 1280 Quid
463 1218 604 1271 istuc
643 1217 868 1280 Querole
882 1219 909 1271 ‘P
969 1219 1246 1288 paululum
1290 1220 1391 1272 tibi
1428 1219 1506 1272 ita
1542 1220 1769 1289 uidetur,

0 1349 2 1353 ,
85 1309 298 1343 rursum
337 1290 404 1343 ad
440 1291 717 1361 ingenium
755 1293 910 1346 redis,
987 1291 1090 1346 Sed
1128 1293 1385 1362 quoniam
1422 1295 1678 1348 miserum
1715 1297 1768 1347 te
1804 1311 1856 1351 15

0 1374 2 1439 Ι
86 1381 198 1416 11011
221 1365 394 1433 (10666,
425 1369 669 1434 superest
689 1368 751 1418 ut
771 1366 982 1419 felicem
1005 1368 1362 1436 comprobem.
1436 1366 1537 1420 Dic
1569 1386 1767 1437 quaeso

17 1443 55 1765 ᾗ
89 1436 328 1505 Querole‚
367 1455 529 1490 sanus
568 1439 666 1491 es?
721 1439 895 1502 QVER.
947 1439 1034 1492 Ita
1072 1441 1317 1494 arbitror.
1372 1439 1508 1494 LAR.
1572 1441 1768 1504 Quanti

86 1510 190 1564 1106
230 1511 522 1564 aestimas?
582 1511 757 1575 QVER.
817 1513 936 1566 Hoc
982 1514 1144 1567 etiam
1193 1514 1464 1583 imputas?
1524 1514 1662 1567 LAR.
1724 1515 1768 1569 O

87 1583 312 1646 Querole
353 1603 513 1637 sanus
552 1604 607 1639 es
647 1590 700 1639 et
736 1587 944 1640 felicem
981 1591 1035 1640 te
1073 1588 1280 1658 negas?
1333 1588 1469 1641 Vide
1516 1607 1584 1641 ne
1622 1593 1767 1657 post-

86 1657 304 1710 modum
341 1658 550 1712 felicem
598 1663 652 1712 te
685 1660 850 1713 fuisse
890 1661 1042 1714 scias,
1111 1661 1286 1724 QVER.
1356 1663 1474 1717 Iam
1524 1663 1767 1732 superius
1802 1681 1856 1720 20

21 1751 34 1807 ἶ·
89 1731 350 1784 dixeram:
411 1732 547 1784 bene
596 1752 806 1787 mecum
853 1735 1055 1805 agitur,
1102 1736 1191 1790 sed
1238 1737 1386 1789 iuxta
1433 1736 1567 1789 alios
1613 1737 1768 1789 male.

20 1810 30 1867 ε’
87 1804 223 1858 LAR.
274 1803 428 1858 Certe
467 1807 608 1875 apud
644 1811 698 1860 te
736 1809 886 1860 bene.
952 1808 1128 1871 QVER.
1180 1809 1392 1863 Fateor.
1453 1809 1589 1862 LAR.
1630 1809 1769 1873 Quid

20 1878 34 1936 ἓ
88 1879 298 1948 quaeris
338 1879 605 1948 amplius?
645 1881 821 1944 QVER.
861 1881 1034 1944 Quare
1074 1884 1167 1935 alii
1205 1884 1431 1937 melius?
1471 1883 1608 1936 LAR.
1651 1884 1768 1936 Iam

20 1952 31 2006 ’ζ
88 1951 234 2004 istud
272 1952 339 2003 ad
376 1953 634 2008 inuidiam
670 1956 917 2025 pertinet.
979 1955 1154 2019 QVER.
1216 1955 1320 2010 Sed
1358 1960 1498 2011 recte
1538 1958 1768 2028 inuide0‚

88 2043 216 2077 nam
248 2043 366 2077 sum
398 2026 627 2081 deterior
654 2029 1011 2083 inferioribus.
1051 2031 1188 2083 LAR.
1228 2030 1368 2093 Quid
1400 2032 1447 2084 si
1476 2031 1767 2085 feliciorem
1801 2048 1854 2089 25

89 2101 195 2150 tete
246 2098 437 2152 edoceo
445 2140 460 2167 ‚
516 2120 675 2171 quam
729 2106 854 2155 sunt
903 2104 996 2156 isti
1042 2104 1105 2158 de
1160 2105 1351 2174 quibus
1399 2106 1635 2159 dicturus
1674 2106 1767 2158 es?

91 2170 265 2233 QVER.
327 2171 464 2224 Tum
502 2175 670 2244 igitur
705 2176 893 2246 facieS‚
945 2180 1070 2246 post
1112 2178 1212 2230 hac
1253 2177 1512 2240 Querolus
1558 2179 1767 2231 nullum

204 2426 225 2464 1
257 2422 311 2464 tu
339 2434 423 2466 om.
462 2420 515 2465 V‘
657 2427 681 2465 2
712 2422 758 2466 te
787 2423 835 2467 te
874 2435 930 2467 ex
961 2425 1017 2466 572
1045 2424 1094 2467 te
1125 2424 1300 2478 factum
1336 2425 1526 2469 uidetur
1557 2426 1599 2469 L
1740 2431 1766 2470 3

92 2490 412 2579 35:21.sssz
440 2477 1468 2591 Π“ξ““1νῃέῗᾱῇἷῖ“ἔοωῦνῗῖίοωρῖἓὲῃῗέἒῆ
1503 2481 1599 2582 ¹⁷1>
1629 2487 1654 2526 ⁶
1682 2482 1766 2583 1¹¹ss

45 2619 49 2644 3
90 2589 317 2648 numquid
348 2595 448 2640 (om.
480 2592 606 2645 nam)
638 2591 717 2645 Rp
819 2549 881 2634 Iil
913 2551 1107 2636 Hahahge
1140 2618 1191 2624 —
1222 2594 1315 2637 suis
1345 2550 1623 2639 Lamffldedit
1647 2594 1766 2638 Gan-

89 2657 188 2701 ney.
249 2650 300 2689 13
321 2645 486 2690 Nonne
515 2646 637 2690 Lari
665 2650 805 2692 datur
821 2647 907 2691 καῖ
935 2660 975 2702 ο,
1003 2661 1222 2703 personae
1241 2661 1323 2694 om.
1346 2666 1381 2692 ω
1406 2652 1413 2704 l
1439 2653 1766 2707 conqueror?

92 2701 192 2756 (sic)
222 2701 270 2746 R
412 2707 462 2746 15
492 2716 672 2746 rursum
703 2716 743 2747 a.
775 2703 804 2746 i.
835 2716 884 2747 re
919 2703 958 2747 is
991 2704 1183 2762 Qum-olo
1212 2705 1295 2749 dat
1326 2705 1552 2751 Gruterus
1711 2713 1762 2751 16

91 2757 312 2812 coprobes
340 2759 387 2802 P
558 2764 610 2804 18
638 2759 726 2803 hoc
748 2772 822 2815 pr.
853 2773 910 2804 ss.
938 2762 985 2805 P
1015 2765 1022 2813 1
1056 2761 1144 2805 1106
1172 2762 1312 2806 etiam
1364 2762 1406 2807 .i.
1437 2763 1685 2807 sanitatem
1718 2779 1764 2809 ,6.

90 2812 222 2877 inter.
240 2812 365 2857 bona
391 2813 501 2858 add.
528 2814 621 2870 Rp.
699 2820 751 2860 19
782 2829 1118 2881 sanus-negas
1146 2817 1177 2871 f
1213 2821 1218 2872 Ι
1262 2817 1308 2862 fe
1332 2818 1447 2862 ‘cem
1475 2821 1524 2864 te
1553 2820 1632 2874 Rp
1711 2825 1765 2864 23

91 2871 246 2924 quens
277 2871 320 2923 (e
349 2870 403 2913 in
431 2886 459 2928 6
486 2871 549 2924 αἶ)
579 2872 624 2914 L
647 2873 661 2926 Γ
682 2871 784 2916 aliis
814 2874 860 2916 P
953 2878 1006 2918 25
1034 2873 1368 2931 inferiorissbus
1406 2877 1453 2933 (a
1482 2875 1563 2933 er.)
1594 2875 1638 2918 L
1665 2877 1671 2932 Ι
1696 2875 1763 2918 in·

50 2958 53 2963 ,
91 2925 234 2968 ferior
264 2925 570 2970 deterioribus
602 2927 735 2976 (ἔνθα.
768 2928 874 2981 fort.
907 2927 1013 2973 Non
1042 2930 1117 2974 uel
1145 2929 1269 2973 Num
1301 2945 1401 2974 sum
1432 2931 1474 2978 d.
1507 2931 1536 2975 i.
