2032 3202
789 113 1086 156 ..XI-

0 223 5 229 ’
92 235 199 288 lius
239 234 415 288 Musei
462 234 690 288 rhenani
737 237 776 286 t.
815 233 896 286 IV
935 234 1041 287 511
1085 238 1139 287 et
1177 233 1286 288 535
1326 252 1455 303 sqq„
1501 234 1559 286 in
1598 234 1778 286 Prole·

0 387 2 390 .
92 323 337 393 gomenis
378 323 445 375 ad
481 321 795 375 Plautinum
832 323 1205 376 Trinummum
1243 341 1293 391 p.
1325 321 1779 389 XXVII—XXX,

93 411 173 463 ed.
220 429 395 464 nouae
445 430 495 480 p.
534 409 684 479 VIII,
733 411 790 462 in
842 411 1224 479 opusculorum
1268 411 1374 463 uol.
1412 410 1467 463 Π
1509 411 1615 464 102
1654 414 1781 478 not.,

0 555 2 558 ,
96 499 234 552 Mus,
272 499 500 552 rhenani
537 502 576 551 t.
615 498 827 553 XXVII
867 498 1059 570 (1872)
1100 500 1209 552 340

239 651 302 699 In
340 667 396 699 eo
435 651 594 713 igitur
631 651 760 699 libro
785 651 1049 700 Aulularia
1081 652 1357 714 praemissa
1380 652 1570 714 legitur
1592 651 1776 699 fabulis

94 725 335 787 plautinis
386 727 536 787 atque
586 725 777 787 primae
829 726 1030 788 quidem
1066 726 1426 787 Amphitruoni
1476 741 1506 772 a
1542 725 1577 773 f.
1621 726 1679 772 1¹²
1718 725 1783 772 ad

99 800 153 847 9²
190 799 443 860 plautinas
482 798 682 847 fabulas
722 800 1040 848 contulerunt
1078 799 1155 847 Ph
1187 800 1393 862 Parcus,
1427 798 1463 847 C
1506 798 1781 861 Scioppius,

94 872 164 919 Fr
199 872 524 931 Ritschelius,
579 873 765 921 iterum
802 889 892 935 pro
932 873 1206 922 Ritschelio
1244 873 1294 921 H
1329 873 1573 921 Hsnckius
1615 888 1780 920 suum-

100 962 196 1008 que
244 946 298 994 in
346 962 494 994 usum
542 946 865 995 Laurentius:
927 947 1222 996 Aululariae
1275 947 1513 995 lectiones
1569 947 1782 994 Ritters-

93 1019 269 1068 husius
301 1023 352 1068 et
377 1019 622 1069 Gruterus
662 1021 1044 1083 exscripserunt,
1083 1022 1156 1070 ita
1195 1021 1396 1084 quidem
1433 1024 1490 1069 ut
1528 1036 1628 1068 non
1658 1035 1773 1067 raro

0 1120 7 1128 ·
97 1109 188 1154 pro
228 1093 481 1155 primariis
522 1110 645 1156 quas
686 1096 902 1143 secunda
941 1096 1103 1143 effecit
1142 1111 1318 1143 manus
1367 1095 1566 1157 darent,
1615 1094 1667 1141 in
1706 1093 1782 1141 ed.

0 1180 6 1219 ἶ
101 1166 492 1215 Commelim'ana
531 1183 573 1215 a.
617 1170 774 1231 1595,
815 1170 1004 1217 Pareus
1043 1170 1096 1217 in
1135 1170 1243 1217 edd.
1278 1185 1320 1217 a.
1351 1171 1489 1217 1619
1533 1172 1583 1216 et
1627 1169 1783 1216 1641.

245 1269 397 1318 Liber
436 1271 556 1318 olim
594 1271 691 1319 fuit
712 1272 758 1320 J
754 1273 958 1321 oachimi
990 1277 1130 1333 atque
1150 1274 1365 1334 Philippi
1393 1271 1787 1321 Cameraricrum

0 1349 5 1390 ἱ
99 1361 130 1392 a
169 1345 349 1406 quibus
380 1361 470 1407 per
495 1346 618 1393 satis
642 1346 851 1409 longum
872 1351 1072 1409 tempus
1096 1350 1356 1395 mutuatus
1382 1350 1491 1394 erat
1517 1346 1786 1394 Gruterus:

102 1433 189 1466 ms,
209 1417 496 1474 Camerarii,
534 1434 621 1467 ms.
659 1424 834 1475 noster,
876 1420 928 1468 G.
964 1422 1109 1470 Vetus
1149 1420 1226 1480 (G.
1266 1421 1343 1481 V.)
1354 1418 1408 1480 ³¹⁶)
1450 1419 1697 1468 Gruterus
1737 1422 1788 1466 et

101 1492 470 1540 Rittershusius
510 1508 625 1540 eum
662 1498 1033 1558 nuncuparunt,
1086 1495 1171 1557 qui
1216 1511 1314 1543 uno
1362 1496 1560 1542 tantum
1601 1493 1787 1554 scripto

3 1608 5 1610 .
99 1566 229 1614 libro
275 1565 328 1612 in
371 1566 637 1614 Aulularia
687 1568 995 1616 emendanda
1047 1570 1127 1617 usi
1178 1572 1294 1617 sunt
1303 1562 1407 1634 *ἧς
1471 1567 1785 1630 significatur

103 1639 199 1712 hic
221 1639 350 1687 liber
389 1655 502 1687 cum
540 1640 661 1688 dicit
702 1640 971 1691 Gruterus:
1026 1647 1290 1703 reponatur
1328 1644 1460 1691 lectio
1500 1643 1674 1690 codicis
1712 1655 1788 1687 ea-

0 1737 9 1775 Z·-
103 1713 229 1760 lamo
254 1715 455 1762 exarati.
508 1714 625 1762 Non
655 1716 814 1764 multo
847 1720 963 1778 post
993 1717 1326 1765 bibliothecae
1350 1716 1612 1764 Palatinae
1643 1714 1787 1763 libris

0 1811 7 1853 ³.-
102 1786 349 1835 insertum
370 1787 560 1836 Pareus
599 1789 728 1838 uidit
767 1790 853 1852 qui
889 1807 937 1852 p.
971 1792 1078 1840 860
1116 1806 1278 1846 „nunc
1306 1794 1456 1839 uer0“
1495 1790 1568 1837 ait
1605 1790 1790 1844 „docto-

0 1858 10 1885 ἵ
105 1875 218 1908 rum
261 1863 430 1910 usibus
465 1866 604 1923 patet
647 1866 701 1911 in
741 1901 750 1911 .
793 1901 804 1912 .
843 1866 1118 1914 bibliotheca
1154 1866 1401 1914 Palatina.
1477 1864 1560 1911 Ex
1597 1864 1679 1911 illo
1719 1875 1789 1909 co-

105 1935 208 1982 dice
244 1936 298 1982 in
335 1950 426 1995 quo
463 1937 685 1996 fabulam
728 1938 853 1986 hanc
881 1941 1103 2000 primam
1149 1940 1303 1988 locum
1342 1943 1496 1987 tenere
1532 1939 1634 1998 ipse
1674 1937 1790 1984 adeo

108 2022 264 2068 nuper
311 2010 499 2068 impexi
548 2013 734 2070 copiam
784 2013 888 2061 eius
937 2015 1134 2074 benique
1182 2015 1300 2062 mihi
1337 2014 1542 2074 faciente
1582 2010 1790 2059 Gratero

108 2082 471 2130 bibliothecario.
547 2083 722 2132 Videri
768 2101 827 2133 ex
865 2087 957 2135 hoc
997 2087 1164 2136 codice
1203 2088 1335 2135 circa
1375 2102 1418 2135 a.
1461 2087 1600 2134 1497
1642 2084 1791 2131 Joan-

11 2324 18 2357 .·
254 2297 294 2353 ³¹⁸)
327 2298 607 2354 aliquotiens
631 2301 790 2344 tamen
812 2305 1061 2359 propterea
1092 2317 1164 2348 res
1190 2303 1410 2360 ambigua
1440 2304 1524 2355 est,
1557 2298 1682 2354 quod
1713 2297 1793 2354 qui

9 2361 23 2385 >e
108 2355 295 2400 Danieli
327 2360 398 2401 est
437 2358 488 2402 V.
524 2358 571 2402 C.
606 2359 860 2415 (Leidensis
892 2362 1025 2417 liber)
1065 2363 1143 2407 uel
1176 2362 1283 2407 Cod.
1318 2363 1366 2406 S.
1407 2362 1460 2406 V.
1493 2362 1539 2418 (i.
1572 2358 1691 2402 liber
1723 2357 1794 2400 Sti

11 2435 21 2486 ὲ
106 2414 327 2482 Victoris)
359 2417 408 2460 in
437 2417 561 2484 notis
586 2418 968 2465 Rittershusianis
999 2436 1093 2466 non
1123 2422 1237 2466 satis
1261 2421 1549 2465 discernatur
1581 2431 1609 2461 a
1633 2416 1791 2460 Came-

9 2488 23 2506 »
108 2487 219 2517 ram
249 2474 305 2518 V.
339 2474 387 2519 C.
444 2475 520 2520 Slc
555 2481 622 2531 18,
646 2482 700 2521 16
733 2480 939 2524 eruditus
970 2483 1018 2524 et
1049 2486 1119 2536 19,
1140 2486 1193 2525 13
1226 2485 1276 2525 at
1306 2484 1476 2536 quanto
1505 2492 1600 2523 non
1632 2475 1679 2531 C,
1714 2474 1794 2518 sed

10 2519 22 2578 ³2
110 2532 211 2576 cod.
245 2533 289 2577 S.
322 2534 393 2589 V.,
426 2539 496 2590 26,
530 2541 583 2579 21
617 2538 781 2592 suntal,
815 2542 885 2594 38,
920 2544 974 2583 18
1006 2541 1141 2584 milae
1171 2539 1248 2583 uel
1279 2539 1446 2592 nullae,
1480 2543 1550 2591 39,
1575 2541 1630 2579 23
1663 2534 1792 2592 plen·
1878 2542 1883 2545 *

18 2638 19 2641 Ἰ
109 2590 248 2647 doris,
280 2598 353 2649 41,
387 2598 442 2637 10
473 2595 779 2650 fastidiantes,
813 2602 883 2652 50,
918 2604 970 2642 11
1002 2600 1179 2643 homine
1207 2612 1302 2642 non
1334 2597 1366 2641 C
1400 2597 1481 2642 sed
1511 2597 1562 2650 L,
1596 2594 1793 2648 denique

110 2654 183 2704 46,
216 2655 276 2753 211
307 2666 416 2755 ἔπιε
459 2654 562 2698 ‘risu
605 2668 700 2698 non
747 2654 779 2699 C
822 2659 875 2700 ut
919 2658 1116 2714 uidetur,
1164 2657 1246 2701 sed
1290 2657 1435 2714 ipsius
1475 2653 1683 2700 Danielis
1724 2653 1796 2695 est

111 2721 245 2752 emen
278 2725 306 2754 a
329 2726 388 2756 10.

231 2782 299 2839 **)
331 2785 438 2831 Non
469 2790 593 2833 enim
624 2803 787 2833 uerum
818 2791 943 2847 quod
976 2791 1025 2835 in
1049 2791 1435 2835 Rittershusianis
1466 2790 1590 2835 notis
1623 2789 1795 2846 legitur

15 2846 24 2901 ζ
111 2841 173 2884 ad
210 2857 254 2898 p.
297 2848 366 2900 15,
400 2851 454 2891 13
497 2861 663 2893 uocem
702 2862 898 2894 carceres
936 2850 984 2893 in
1022 2849 1300 2906 quibusdam
1340 2851 1576 2895 codicibus
1615 2849 1795 2893 deesse:

17 2956 24 2962 ν
112 2899 244 2944 deest
272 2902 321 2946 in
351 2919 442 2950 uno
475 2907 594 2952 libro
627 2907 702 2951 Sti
741 2907 936 2953 Victoris
967 2923 1059 2965 quo
1090 2909 1259 2953 Daniel
1291 2910 1521 2953 utebatur.
