2032 3202
870 151 925 157 —-
988 125 1096 169 VIII
1157 151 1211 157 —

186 250 427 298 fationem
468 266 578 298 cum
616 249 725 311 ipso
766 252 999 298 contextu
1029 220 1274 298 exhibent
1323 250 1429 297 foll,
1469 250 1718 311 44—87,
1772 251 1878 298 ani-

184 324 558 372 maduersiones
597 323 701 371 foll.
745 324 1049 371 loo—155.

334 412 585 460 Prooemii
622 411 1016 459 Wernsdorfiam'
1061 412 1367 473 particulam
1407 426 1533 473 quae
1575 414 1652 459 est
1691 411 1751 459 de
1790 428 1878 459 au-

188 490 330 534 ctore
367 485 498 533 infra
537 485 680 533 dabo.

333 573 659 621 Hermanni
700 589 894 635 quoque
920 571 1354 634 Cannegieteri
1391 573 1596 621 Hen1·ici
1618 573 1672 620 F.
1700 566 1869 638 (1723

195 640 429 713 —1804)
474 647 607 694 idem
644 647 846 694 uidetur
883 645 1040 694 fuisse
1080 646 1354 694 consilium.
1422 646 1555 694 Nam
1592 646 1876 694 Rittershu-

188 722 383 768 sianum
416 721 667 781 exemplar
700 722 902 768 auctum
941 719 1004 766 ab
1044 719 1131 767 illo
1169 719 1546 768 adnotationum
1585 721 1782 768 cumulo
1822 721 1875 767 in

186 795 331 842 libris
387 793 759 856 MTydemanni
805 787 915 858 (qui
953 792 1189 855 Lugduni
1229 793 1354 841 obiit
1393 810 1435 841 a.
1479 788 1649 859 1825)
1699 793 1869 855 depre-

189 868 366 916 hendit
407 883 648 929 suumque
686 868 739 914 in
776 883 923 916 usum
955 866 1204 914 conuertit
1240 866 1646 915 Klinkhamerus.

337 1039 648 1102 QVEROLVS
699 1053 826 1092 SIVE
872 1038 1248 1107 AVLVLARIA,
1298 1052 1536 1109 INCER'H
1582 1053 1875 1093 AVCTORIS

189 1142 493 1181 COMOEDIA
525 1141 777 1181 TOGATA.
831 1127 1101 1179 recensuit
1125 1130 1178 1179 et
1202 1127 1500 1179 illustrauit
1524 1125 1575 1179 S.
1602 1124 1658 1179 C.
1683 1126 1872 1180 Klink-

188 1217 390 1267 hamer.
481 1215 906 1283 Amstelodami‚
971 1214 1111 1282 apud
1179 1215 1402 1267 heredes
1465 1214 1532 1267 H.
1592 1214 1880 1268 Gartman.

188 1289 632 1356 MDcocxx'IX.

348 1470 398 1517 Is
448 1471 649 1530 praeter
702 1468 888 1522 librum
933 1468 1228 1517 Leidensem
1277 1468 1613 1530 lectionesque
1662 1468 1881 1516 Parisini

192 1544 359 1590 tribus
415 1543 779 1603 exemplaribus
829 1557 951 1590 usus
1004 1544 1081 1589 est
1130 1542 1310 1607 quibus
1356 1542 1580 1590 uirorum
1619 1542 1918 1590 doctorum.

195 1619 344 1664 notae
386 1619 529 1663 erant
569 1616 857 1677 adspersae:
919 1616 979 1662 H
986 1614 1337 1676 Canneyieteri,
1379 1615 1611 1664 GKoem'i
1657 1609 1714 1680 (†
1757 1615 1877 1663 Fra-

204 1705 452 1752 nequerae
492 1705 534 1737 a.
579 1683 744 1754 1767)
790 1689 928 1736 cuius
984 1689 1235 1751 exemplar
1286 1692 1396 1736 tum
1448 1688 1738 1749 possidebat
1790 1689 1880 1736 DJ

205 1763 502 1825 Lennepius,
542 1765 710 1811 incerti
749 1763 961 1824 denique
995 1762 1126 1824 quod
1155 1762 1459 1810 bibliotheca
1481 1761 1741 1810 Leidensis
1767 1778 1884 1824 sup-

203 1837 464 1898 peditabat
503 1829 820 1901 (Leidensem
858 1851 904 1882 n.
946 1836 1048 1883 501
1090 1836 1199 1896 ipse
1237 1835 1356 1883 dicit
1393 1852 1440 1896 p.
1483 1837 1548 1883 96
1592 1838 1642 1883 et
1684 1829 1828 1901 148).

343 1923 484 1972 Circa
522 1923 655 1971 idern
692 1927 890 1985 tempus
929 1923 1015 1971 ιΪο.
1057 1922 1286 1984 Caspar
1325 1922 1594 1971 Orellius
1635 1923 1697 1970 ad
1734 1923 1879 1970 fabu-

191 2000 294 2046 lam
343 1998 503 2045 denuo
552 1997 795 2044 edendam
843 2013 949 2045 sese
989 1997 1269 2045 accinxerat
1307 1996 1584 2044 Danielinis
1623 1996 1881 2045 thesauris

196 2087 353 2133 prope
393 2071 444 2117 in
483 2073 750 2132 conspectu
787 2071 966 2132 positis
1005 2070 1224 2118 illectus:
1278 2073 1331 2118 at
1379 2070 1605 2118 sufficere
1645 2070 1881 2131 opinatus

194 2149 248 2192 ut
289 2145 506 2206 singulis
549 2144 759 2192 saeculis
801 2144 953 2192 semel
977 2144 1231 2192 comoedia
1253 2144 1353 2193 ista
1376 2146 1702 2206 repeteretur,
1741 2146 1878 2204 post-

200 2234 350 2280 quam
400 2218 880 2266 Amstelodamensis
940 2217 1171 2265 editionis
1232 2218 1438 2265 nuntius
1490 2217 1694 2264 aduenit
1741 2216 1879 2264 illico

197 2291 459 2339 consilium
484 2307 628 2339 suum
656 2291 858 2353 abiecit3
899 2307 1026 2354 quae
1059 2306 1118 2338 ex
1139 2291 1478 2339 Bernensibus
1511 2290 1879 2351 exemplaribus

199 2366 472 2427 collegerat
515 2380 616 2412 una
663 2379 774 2412 cum
821 2365 923 2413 suis
971 2365 1484 2414 animaduersionibus
1529 2363 1717 2425 publici
1753 2363 1881 2411 iuris

192 2439 310 2485 fecit
348 2439 399 2485 in
439 2438 638 2498 epistola
676 2440 842 2486 critica
881 2439 947 2487 ad
986 2438 1029 2486 J
1027 2453 1068 2487 0.
1091 2439 1200 2487 Nic.
1224 2438 1534 2498 Madviyium
1570 2452 1614 2485 v.
1640 2451 1675 2484 e.
1712 2430 1878 2500 (prae-

196 2512 351 2558 missa
389 2512 527 2573 operi
566 2512 700 2559 huic:
755 2513 829 2560 M.
872 2512 1023 2560 Tullii
1063 2510 1306 2561 Ciceronis
1347 2510 1522 2559 Orator
1558 2509 1749 2558 Brutus
1790 2509 1880 2557 Tc-

186 2587 300 2644 pica
342 2589 420 2632 etc,
482 2585 647 2634 Turici
684 2584 1107 2646 MDOCOXXX)
1148 2588 1302 2646 capite
1342 2583 1548 2632 XVIII
1573 2598 1629 2643 1).
1654 2581 1884 2630 LXVII

347 2745 579 2807 Singulos
619 2749 880 2807 praeterea
917 2748 1051 2795 locos
1091 2748 1374 2795 tractarunt
1411 2742 1669 2793 Adrianus
1695 2743 1877 2791 Turne-

199 2820 285 2867 bus
334 2818 521 2866 Paulus
570 2820 803 2868 Melissus
851 2820 937 2868 ille
988 2821 1234 2880 Danielis,
1285 2819 1365 2866 hic
1417 2818 1602 2866 amicus
1657 2816 1878 2879 Gruteri,

196 2891 423 2952 Scaliyer,
469 2891 521 2940 J.
562 2893 620 2940 F.
663 2891 953 2949 Gronouius,
1003 2893 1076 2942 Ol.
1116 2893 1387 2966 Salmasius
1432 2892 1620 2953 passim
1658 2906 1747 2952 per
1787 2905 1879 2938 sua
