2032 3202
884 154 937 160 -
1001 127 1193 172 XXXVI
1258 154 1309 160 —

249 256 555 307 carminibus
611 254 831 317 gratiam
890 254 1173 316 famamque
1236 255 1415 316 poetae
1478 256 1762 302 assecutum
1833 271 1942 305 esse

253 330 486 391 arbitror⁷
529 329 838 390 eundemque
869 328 1048 376 merito
1088 327 1264 376 haberi
1304 327 1587 375 carminum
1627 329 1819 391 aliquot
1856 329 1944 377 mi-

254 420 455 465 norum,
519 418 644 464 quae
706 402 976 450 hodienum
1036 403 1300 465 leguntur,
1368 405 1637 450 auctorem.
1737 403 1946 452 Praeter

255 477 616 541 praefationem
641 475 844 533 Queroli
878 492 904 523 e
936 475 1128 538 reliquo
1170 476 1276 524 eius
1325 474 1618 524 Comoedias
1657 477 1799 525 textu
1837 493 1945 539 per-

257 552 518 614 spicimus,
582 552 837 599 auctorem
891 549 1035 597 uaria
1089 549 1370 598 eruditione
1432 549 1718 611 praeditum
1777 551 1947 614 fuisse,

254 628 511 674 uersatum
548 625 602 672 in
633 624 988 686 Philosophiae
1030 624 1226 686 studiis,
1267 623 1485 684 peritum
1517 624 1758 673 historiae
1783 628 1834 673 et
1857 641 1941 674 na·
2006 623 2013 636 ¹

255 704 400 749 turae
450 714 639 760 rerum,
690 698 1012 760 Astrologiae
1063 713 1163 746 non
1212 698 1469 760 ignarum,
1518 698 1571 745 in
1607 698 1785 760 primis
1823 715 1944 748 uero

258 775 491 823 affectare
544 773 676 820 Iuris
731 772 893 821 ciuilis
949 775 999 819 et
1053 773 1224 834 legum
1275 771 1617 820 Romanarum
1669 773 1945 836 scientiam,

258 863 470 911 quarum
509 847 631 894 adeo
672 846 811 894 tituli
836 848 886 894 et
911 849 1214 908 argumenta
1238 844 1429 906 aliquot
1452 846 1574 894 locis
1597 841 1948 915 laudantur-²¹⁶).

257 922 371 971 Etsi
419 937 539 969 uero
592 936 764 968 earum
816 936 984 968 rerum
1037 920 1295 968 scientiam
1336 935 1496 982 neque
1534 920 1760 970 Palladio
1803 937 1949 985 quem

258 996 472 1044 diximus
512 994 728 1043 defuisse
755 994 993 1043 credibile
1018 996 1110 1057 est,
1151 994 1358 1056 pulchre
1391 997 1563 1042 tamen
1585 994 1747 1058 uideo,
1788 1011 1848 1043 ex
1869 996 1947 1059 iis,
2019 1018 2032 1024 ’ν

260 1085 386 1133 quae
425 1070 666 1117 hactenus
714 1085 803 1130 per
851 1068 1188 1117 coniecturam
1229 1068 1435 1130 deduxi⁷
1483 1068 1702 1117 nondum
1751 1070 1950 1118 omnino

262 1144 403 1205 effici,
443 1146 500 1191 ut
525 1142 781 1191 Palladius
805 1159 895 1205 pro
921 1144 1056 1191 certo
1084 1145 1286 1191 auctore
1313 1141 1517 1199 Queroli
1554 1142 1731 1190 haberi
1754 1142 1947 1192 debeat.

262 1217 543 1266 Fatendum
581 1217 749 1280 potius
790 1219 868 1265 est
907 1219 1173 1279 auctorem,
1214 1216 1333 1264 dum
1369 1218 1626 1278 praetexto
1659 1216 1830 1266 Plauti
1867 1233 1952 1266 no-

262 1292 393 1339 mine
448 1291 634 1339 famam
689 1294 739 1339 et
795 1291 1013 1353 gratiam
1068 1306 1156 1339 suo
1209 1290 1425 1338 dramati
1463 1290 1734 1352 quaesiuit,
1786 1291 1951 1353 ipsum
2023 1333 2029 1335 Α

264 1365 627 1428 propemodum
665 1365 774 1413 ueri
813 1365 1026 1413 nominis
1065 1364 1352 1413 inueniendi
1388 1364 1527 1412 uiam
1564 1365 1908 1427 praeclusisse.

292 1596 392 1640 VII.
456 1596 542 1639 DE
586 1594 809 1640 CLODO
854 1594 1032 1638 PEDE
1073 1594 1419 1640 ADHIBITO
1465 1595 1551 1639 AB
1591 1594 1914 1640 AVCTORE

704 1685 845 1728 haec
889 1683 1308 1728 Wernsdorfius
1353 1700 1396 1741 p.
1434 1689 1501 1729 16.

409 1811 524 1872 Ipse
575 1812 748 1858 auctor
802 1823 1066 1857 sermon-em
1101 1810 1342 1868 poeticum
1391 1809 1486 1856 sibi
1524 1809 1706 1857 tribuit
1744 1810 1796 1857 in
1834 1827 1947 1872 pro-
2019 1841 2022 1843 Δ

266 1886 406 1947 logo,
449 1884 535 1933 sed
573 1884 705 1932 idem
743 1884 874 1930 hunc
915 1898 1192 1931 sermonem
1220 1884 1345 1943 pede
1383 1883 1513 1931 clodo
1551 1883 1819 1945 procedere
1860 1885 1946 1948 ait⁷

263 1959 356 2006 hoc
396 1960 500 2020 est,
555 1973 714 2019 neque
761 1959 993 2005 accurata
1037 1972 1195 2018 neque
1235 1959 1371 2004 certa
1408 1957 1592 2019 pedum
1629 1958 1742 2019 lege
1783 1958 1950 2007 obser-

420 2097 460 2154 *)
501 2098 743 2155 Paganum
786 2097 1025 2141 hominem
1066 2097 1208 2141 fuisse
1248 2111 1343 2142 non
1383 2095 1696 2142 Christianum
1737 2097 1840 2154 ipsa
1871 2097 1954 2143 Co·
2023 2145 2025 2150 .

273 2157 485 2203 moed-iae
522 2156 791 2201 scribendae
824 2170 966 2213 opera
998 2158 1045 2200 et
1074 2157 1272 2200 materia
1302 2157 1456 2211 docet,
1501 2171 1620 2212 quae
1654 2170 1763 2201 sanc
1795 2156 1956 2201 odiosa

267 2217 360 2261 fuit
392 2216 666 2261 Christianis
699 2215 987 2271 doctoribus⁷
1021 2230 1302 2271 quamquam
1335 2216 1612 2273 spectaculis
1644 2218 1692 2259 et
1720 2215 1840 2259 ludis
1871 2231 1953 2272 pu-

268 2275 404 2320 blicis
435 2289 530 2320 non
560 2276 733 2331 negata
773 2275 831 2318 ab
863 2275 1226 2332 Imperatoribus
1259 2275 1544 2319 Christianis.
1605 2274 1822 2318 Barthius
1855 2275 1954 2331 qui-

267 2335 373 2378 dem
421 2335 538 2378 Adu.
579 2334 725 2378 XLIV
769 2339 822 2377 13
872 2334 931 2378 ad
979 2333 1382 2378 Christianismum
1429 2333 1648 2378 auctoris·
1675 2333 1953 2378 credendum

266 2393 490 2450 procliuis
530 2396 622 2447 est,
668 2393 748 2436 sed
790 2393 906 2436 leuis
947 2393 1198 2438 admodum
1240 2393 1439 2450 suspicio
1471 2395 1542 2436 est
1571 2406 1711 2447 quam
1743 2406 1767 2435 6
1799 2393 1953 2437 uerbis

265 2452 573 2497 Praefationis
608 2453 672 2510 [p.
706 2458 747 2507 3,
783 2453 858 2508 15]
895 2452 1040 2508 capit:
1085 2452 1214 2496 Hinc
1244 2466 1370 2510 eryo,
1401 2453 1512 2509 quid
1542 2452 1593 2495 in
1623 2464 1731 2495 uero
1762 2452 1843 2504 sit,
1874 2453 1954 2508 qui

268 2512 394 2555 solus
417 2513 562 2565 nouit,
589 2513 781 2556 nouerit.
830 2511 919 2555 Illa
943 2510 1066 2554 enim
1090 2512 1170 2567 qui
1192 2513 1314 2556 solus
1337 2511 1469 2556 nouit
1490 2510 1734 2554 manifeste
1760 2524 1952 2567 arguere

270 2570 421 2613 Deum
445 2584 607 2614 uerum
631 2572 778 2627 putat.
827 2570 1009 2614 Addere
1034 2571 1263 2626 potuisset
1286 2570 1429 2614 aliam
1453 2569 1650 2612 similem
1677 2569 1952 2613 sententiam

268 2642 387 2684 quae
431 2630 502 2672 est
541 2629 643 2673 Act.
676 2629 741 2672 lV
775 2628 846 2672 Sc.
880 2634 905 2672 2
951 2629 1011 2686 [V
1046 2634 1066 2670 1
1102 2644 1146 2685 p.
1179 2635 1250 2684 49,
1285 2629 1353 2686 6]:
1403 2627 1571 2671 Omnes
1602 2628 1800 2671 homines
1830 2641 1955 2672 nunc

267 2688 550 2744 intelli9a02t‚
598 2702 737 2743 ‘neque
780 2689 980 2743 adipisci
1018 2702 1158 2743 neque
1200 2689 1388 2744 perdere
1425 2687 1578 2730 ualere
1615 2687 1815 2742 aliquid,
1861 2687 1955 2730 nisi

268 2747 434 2802 ubique
475 2747 634 2800 faueat
676 2750 817 2790 totum
862 2747 938 2790 ille
980 2748 1059 2802 qui
1094 2751 1254 2802 potest.
1320 2745 1410 2789 Sed
1447 2745 1716 2801 philosophi
1754 2745 1952 2801 gentiles

266 2819 360 2850 non
391 2805 636 2849 dissimilia
668 2807 910 2849 senserimt
940 2805 996 2848 de
1029 2805 1151 2860 Deo,
1193 2809 1240 2849 ct
1269 2805 1349 2861 qui
1380 2818 1474 2848 non
1506 2804 1654 2848 solum
1686 2804 1854 2849 Larem
1883 2803 1952 2848 fa—

265 2863 507 2919 miliarem,
540 2865 724 2920 partem
749 2864 899 2907 cultus
925 2863 1067 2908 ethici
1090 2864 1281 2921 inducit,
1307 2863 1387 2907 sed
1411 2865 1458 2906 et
1482 2862 1598 2907 alios
1624 2862 1747 2907 Deos
1773 2876 1951 2907 eorum-

266 2937 354 2979 que
379 2936 512 2967 sacra
534 2922 698 2967 laudat
719 2922 768 2966 in
791 2923 1026 2980 Dramate,
1058 2922 1329 2980 is‘profecto
1353 2936 1446 2966 non
1472 2920 1785 2966 Christianum
1811 2921 1946 2978 sapit.
