<?xml version="1.0" encoding="UTF-8"?>
<!DOCTYPE html PUBLIC "-//W3C//DTD XHTML 1.0 Transitional//EN"
    "http://www.w3.org/TR/xhtml1/DTD/xhtml1-transitional.dtd">
<html xmlns="http://www.w3.org/1999/xhtml" xml:lang="en" lang="en">
 <head>
  <title>
</title>
<meta http-equiv="Content-Type" content="text/html;charset=utf-8" />
  <meta name='ocr-system' content='tesseract 3.04.00' />
  <meta name='ocr-capabilities' content='ocr_page ocr_carea ocr_par ocr_line ocrx_word'/>
</head>
<body>
  <div class='ocr_page' id='page_1' title='image "aululariasiveque00peipuoft_0041.png"; bbox 0 0 2032 3202; ppageno 0'>
   <div class='ocr_carea' id='block_1_1' title="bbox 677 114 1120 159">
    <p class='ocr_par' dir='ltr' id='par_1_1' title="bbox 677 114 1120 159">
     <span class='ocr_line' id='line_1_1' title="bbox 677 114 1120 159; baseline -0.005 0"><span class='ocrx_word' id='word_1_1' title='bbox 677 142 729 148; x_wconf 90' lang='lat'><strong>—</strong></span> <span class='ocrx_word' id='word_1_2' title='bbox 792 114 1008 159; x_wconf 88' lang='lat' dir='ltr'>XXXVII</span> <span class='ocrx_word' id='word_1_3' title='bbox 1073 141 1120 145; x_wconf 41' lang='grc' dir='ltr'>ψ</span> 
     </span>
    </p>
   </div>
   <div class='ocr_carea' id='block_1_2' title="bbox 0 236 1750 1491">
    <p class='ocr_par' dir='ltr' id='par_1_2' title="bbox 0 236 1743 674">
     <span class='ocr_line' id='line_1_2' title="bbox 14 236 1742 309; baseline -0.005 -16"><span class='ocrx_word' id='word_1_4' title='bbox 14 291 17 294; x_wconf 80' lang='grc'>,</span> <span class='ocrx_word' id='word_1_5' title='bbox 59 236 256 309; x_wconf 83' lang='lat' dir='ltr'>uata*).</span> <span class='ocrx_word' id='word_1_6' title='bbox 332 236 485 309; x_wconf 84' lang='lat' dir='ltr'>(Hinc</span> <span class='ocrx_word' id='word_1_7' title='bbox 538 242 715 291; x_wconf 71' lang='lat' dir='ltr'>drama</span> <span class='ocrx_word' id='word_1_8' title='bbox 756 241 1041 306; x_wconf 67' lang='lat' dir='ltr'>prosaicam</span> <span class='ocrx_word' id='word_1_9' title='bbox 1098 240 1247 288; x_wconf 88' lang='lat' dir='ltr'>uocat</span> <span class='ocrx_word' id='word_1_10' title='bbox 1301 238 1390 287; x_wconf 84' lang='lat' dir='ltr'>GJ</span> <span class='ocrx_word' id='word_1_11' title='bbox 1400 237 1612 287; x_wconf 88' lang='lat' dir='ltr'>Vossius</span> <span class='ocrx_word' id='word_1_12' title='bbox 1681 236 1742 285; x_wconf 89' lang='lat' dir='ltr'>de</span> 
     </span>
     <span class='ocr_line' id='line_1_3' title="bbox 60 311 1743 379; baseline -0.005 -13"><span class='ocrx_word' id='word_1_13' title='bbox 60 319 163 367; x_wconf 89' lang='lat' dir='ltr'>nat.</span> <span class='ocrx_word' id='word_1_14' title='bbox 201 320 332 379; x_wconf 87' lang='lat' dir='ltr'>poet.</span> <span class='ocrx_word' id='word_1_15' title='bbox 374 320 424 366; x_wconf 89' lang='lat' dir='ltr'>et</span> <span class='ocrx_word' id='word_1_16' title='bbox 461 317 684 377; x_wconf 76' lang='lat' dir='ltr'>fabulam</span> <span class='ocrx_word' id='word_1_17' title='bbox 710 329 915 376; x_wconf 78' lang='lat' dir='ltr'><strong><em>prosam</em></strong></span> <span class='ocrx_word' id='word_1_18' title='bbox 953 313 1126 363; x_wconf 83' lang='lat' dir='ltr'>Thom.</span> <span class='ocrx_word' id='word_1_19' title='bbox 1166 312 1428 361; x_wconf 88' lang='lat' dir='ltr'>Reinesius</span> <span class='ocrx_word' id='word_1_20' title='bbox 1468 311 1630 374; x_wconf 87' lang='lat' dir='ltr'>Epist.</span> <span class='ocrx_word' id='word_1_21' title='bbox 1680 312 1743 359; x_wconf 89' lang='lat' dir='ltr'>ad</span> 
     </span>
     <span class='ocr_line' id='line_1_4' title="bbox 0 385 1740 454; baseline -0.005 -13"><span class='ocrx_word' id='word_1_22' title='bbox 0 416 7 452; x_wconf 56' lang='lat'>2,</span> <span class='ocrx_word' id='word_1_23' title='bbox 60 391 268 441; x_wconf 89' lang='lat' dir='ltr'>Bosium</span> <span class='ocrx_word' id='word_1_24' title='bbox 305 408 351 453; x_wconf 90' lang='lat' dir='ltr'>p.</span> <span class='ocrx_word' id='word_1_25' title='bbox 397 385 539 454; x_wconf 82' lang='lat'>175).</span> <span class='ocrx_word' id='word_1_26' title='bbox 615 389 808 451; x_wconf 82' lang='lat' dir='ltr'>Nempe</span> <span class='ocrx_word' id='word_1_27' title='bbox 853 388 1053 436; x_wconf 85' lang='lat' dir='ltr'>Iambos</span> <span class='ocrx_word' id='word_1_28' title='bbox 1100 403 1278 436; x_wconf 89' lang='lat' dir='ltr'>uersus</span> <span class='ocrx_word' id='word_1_29' title='bbox 1325 386 1504 450; x_wconf 89' lang='lat' dir='ltr'>quibus</span> <span class='ocrx_word' id='word_1_30' title='bbox 1543 387 1740 434; x_wconf 88' lang='lat' dir='ltr'>ueteres</span> 
     </span>
     <span class='ocr_line' id='line_1_5' title="bbox 0 459 1742 525; baseline -0.005 -9"><span class='ocrx_word' id='word_1_31' title='bbox 0 468 8 488; x_wconf 84' lang='grc'>·“</span> <span class='ocrx_word' id='word_1_32' title='bbox 64 465 235 515; x_wconf 84' lang='lat' dir='ltr'>comici</span> <span class='ocrx_word' id='word_1_33' title='bbox 273 467 484 513; x_wconf 89' lang='lat' dir='ltr'>utuntur</span> <span class='ocrx_word' id='word_1_34' title='bbox 521 479 621 512; x_wconf 92' lang='lat' dir='ltr'>non</span> <span class='ocrx_word' id='word_1_35' title='bbox 658 478 821 512; x_wconf 89' lang='lat' dir='ltr'>meros</span> <span class='ocrx_word' id='word_1_36' title='bbox 862 462 1088 525; x_wconf 89' lang='lat' dir='ltr'>adhibet,</span> <span class='ocrx_word' id='word_1_37' title='bbox 1130 461 1217 510; x_wconf 89' lang='lat' dir='ltr'>sed</span> <span class='ocrx_word' id='word_1_38' title='bbox 1254 461 1316 509; x_wconf 90' lang='lat' dir='ltr'>iis</span> <span class='ocrx_word' id='word_1_39' title='bbox 1355 461 1620 510; x_wconf 79' lang='lat' dir='ltr'><strong>trochaeos</strong></span> <span class='ocrx_word' id='word_1_40' title='bbox 1660 459 1742 508; x_wconf 86' lang='lat' dir='ltr'>ad-</span> 
     </span>
     <span class='ocr_line' id='line_1_6' title="bbox 0 535 1742 601; baseline -0.003 -13"><span class='ocrx_word' id='word_1_41' title='bbox 0 574 3 582; x_wconf 79' lang='lat'><em>.</em></span> <span class='ocrx_word' id='word_1_42' title='bbox 63 540 238 589; x_wconf 87' lang='lat' dir='ltr'>miscet</span> <span class='ocrx_word' id='word_1_43' title='bbox 282 539 592 601; x_wconf 75' lang='lat' dir='ltr'>frequenteS,</span> <span class='ocrx_word' id='word_1_44' title='bbox 645 553 826 600; x_wconf 84' lang='lat' dir='ltr'>eosque</span> <span class='ocrx_word' id='word_1_45' title='bbox 873 537 1010 599; x_wconf 86' lang='lat' dir='ltr'>ipsos</span> <span class='ocrx_word' id='word_1_46' title='bbox 1056 551 1156 585; x_wconf 92' lang='lat' dir='ltr'>non</span> <span class='ocrx_word' id='word_1_47' title='bbox 1192 551 1345 598; x_wconf 89' lang='lat' dir='ltr'>puros</span> <span class='ocrx_word' id='word_1_48' title='bbox 1386 538 1436 583; x_wconf 91' lang='lat' dir='ltr'>et</span> <span class='ocrx_word' id='word_1_49' title='bbox 1476 535 1539 583; x_wconf 89' lang='lat' dir='ltr'>ad</span> <span class='ocrx_word' id='word_1_50' title='bbox 1577 535 1742 597; x_wconf 86' lang='lat' dir='ltr'>legem</span> 
     </span>
     <span class='ocr_line' id='line_1_7' title="bbox 0 591 1742 674; baseline -0.004 -11"><span class='ocrx_word' id='word_1_51' title='bbox 0 591 13 665; x_wconf 57' lang='lat' dir='ltr'>i</span> <span class='ocrx_word' id='word_1_52' title='bbox 62 613 322 663; x_wconf 76' lang='lat' dir='ltr'>metricam</span> <span class='ocrx_word' id='word_1_53' title='bbox 372 612 674 674; x_wconf 89' lang='lat' dir='ltr'>compositos</span> <span class='ocrx_word' id='word_1_54' title='bbox 722 611 864 674; x_wconf 83' lang='lat' dir='ltr'>facit,</span> <span class='ocrx_word' id='word_1_55' title='bbox 921 611 1008 659; x_wconf 90' lang='lat' dir='ltr'>sed</span> <span class='ocrx_word' id='word_1_56' title='bbox 1062 610 1126 659; x_wconf 87' lang='lat' dir='ltr'>ad</span> <span class='ocrx_word' id='word_1_57' title='bbox 1179 609 1354 659; x_wconf 87' lang='lat' dir='ltr'>modos</span> <span class='ocrx_word' id='word_1_58' title='bbox 1406 612 1456 658; x_wconf 88' lang='lat' dir='ltr'>et</span> <span class='ocrx_word' id='word_1_59' title='bbox 1507 624 1742 657; x_wconf 90' lang='lat' dir='ltr'>numeros</span> 
     </span>
    </p>

    <p class='ocr_par' dir='ltr' id='par_1_3' title="bbox 63 683 1743 752">
     <span class='ocr_line' id='line_1_8' title="bbox 63 683 1743 752; baseline -0.003 -16"><span class='ocrx_word' id='word_1_60' title='bbox 63 687 372 752; x_wconf 79' lang='lat' dir='ltr'>syllabarum</span> <span class='ocrx_word' id='word_1_61' title='bbox 409 689 678 749; x_wconf 88' lang='lat' dir='ltr'>utcumque</span> <span class='ocrx_word' id='word_1_62' title='bbox 717 685 1057 734; x_wconf 87' lang='lat' dir='ltr'>accommodat</span> <span class='ocrx_word' id='word_1_63' title='bbox 1095 700 1154 733; x_wconf 88' lang='lat' dir='ltr'>ea</span> <span class='ocrx_word' id='word_1_64' title='bbox 1182 687 1354 733; x_wconf 88' lang='lat' dir='ltr'>tamen</span> <span class='ocrx_word' id='word_1_65' title='bbox 1390 683 1646 746; x_wconf 72' lang='lat' dir='ltr'>facilitate,</span> <span class='ocrx_word' id='word_1_66' title='bbox 1685 685 1743 731; x_wconf 92' lang='lat' dir='ltr'>ut</span> 
     </span>
    </p>

    <p class='ocr_par' dir='ltr' id='par_1_4' title="bbox 0 757 1747 1047">
     <span class='ocr_line' id='line_1_9' title="bbox 63 757 1743 824; baseline -0.004 -12"><span class='ocrx_word' id='word_1_67' title='bbox 63 777 211 824; x_wconf 86' lang='lat' dir='ltr'>saepe</span> <span class='ocrx_word' id='word_1_68' title='bbox 248 762 458 810; x_wconf 89' lang='lat' dir='ltr'>uoculae</span> <span class='ocrx_word' id='word_1_69' title='bbox 496 761 709 809; x_wconf 89' lang='lat' dir='ltr'>alicuius</span> <span class='ocrx_word' id='word_1_70' title='bbox 750 759 1002 809; x_wconf 88' lang='lat' dir='ltr'>additione</span> <span class='ocrx_word' id='word_1_71' title='bbox 1037 759 1125 807; x_wconf 82' lang='lat' dir='ltr'>uel</span> <span class='ocrx_word' id='word_1_72' title='bbox 1161 758 1457 807; x_wconf 89' lang='lat' dir='ltr'>traiectione</span> <span class='ocrx_word' id='word_1_73' title='bbox 1498 773 1622 820; x_wconf 89' lang='lat' dir='ltr'>opus</span> <span class='ocrx_word' id='word_1_74' title='bbox 1664 757 1743 820; x_wconf 88' lang='lat' dir='ltr'>sit,</span> 
     </span>
     <span class='ocr_line' id='line_1_10' title="bbox 59 831 1745 897; baseline -0.003 -12.149"><span class='ocrx_word' id='word_1_75' title='bbox 59 839 120 885; x_wconf 85' lang='lat' dir='ltr'>ut</span> <span class='ocrx_word' id='word_1_76' title='bbox 165 851 341 884; x_wconf 90' lang='lat' dir='ltr'>uersus</span> <span class='ocrx_word' id='word_1_77' title='bbox 388 837 666 884; x_wconf 76' lang='lat' dir='ltr'>enascatur.</span> <span class='ocrx_word' id='word_1_78' title='bbox 743 834 888 883; x_wconf 88' lang='lat' dir='ltr'>Hunc</span> <span class='ocrx_word' id='word_1_79' title='bbox 936 834 1223 897; x_wconf 89' lang='lat' dir='ltr'>neglectum</span> <span class='ocrx_word' id='word_1_80' title='bbox 1270 834 1354 881; x_wconf 91' lang='lat' dir='ltr'>uel</span> <span class='ocrx_word' id='word_1_81' title='bbox 1405 831 1745 881; x_wconf 88' lang='lat' dir='ltr'>confusionem</span> 
     </span>
     <span class='ocr_line' id='line_1_11' title="bbox 39 906 1744 972; baseline -0.004 -12"><span class='ocrx_word' id='word_1_82' title='bbox 39 914 336 960; x_wconf 76' lang='lat' dir='ltr'>metrorum</span> <span class='ocrx_word' id='word_1_83' title='bbox 374 909 522 958; x_wconf 88' lang='lat' dir='ltr'>ualde</span> <span class='ocrx_word' id='word_1_84' title='bbox 560 908 931 972; x_wconf 89' lang='lat' dir='ltr'>reprehendunt</span> <span class='ocrx_word' id='word_1_85' title='bbox 969 907 1142 970; x_wconf 89' lang='lat' dir='ltr'>critici,</span> <span class='ocrx_word' id='word_1_86' title='bbox 1181 907 1481 969; x_wconf 83' lang='lat' dir='ltr'>praesertim</span> <span class='ocrx_word' id='word_1_87' title='bbox 1502 906 1744 955; x_wconf 90' lang='lat' dir='ltr'>Barthius</span> 
     </span>
     <span class='ocr_line' id='line_1_12' title="bbox 0 980 1747 1047; baseline -0.003 -13"><span class='ocrx_word' id='word_1_88' title='bbox 0 1022 6 1034; x_wconf 79' lang='lat'>-.</span> <span class='ocrx_word' id='word_1_89' title='bbox 63 986 115 1034; x_wconf 91' lang='lat' dir='ltr'>et</span> <span class='ocrx_word' id='word_1_90' title='bbox 136 984 370 1047; x_wconf 84' lang='lat' dir='ltr'>Vossius3</span> <span class='ocrx_word' id='word_1_91' title='bbox 405 984 516 1046; x_wconf 85' lang='lat' dir='ltr'>ipse</span> <span class='ocrx_word' id='word_1_92' title='bbox 553 999 675 1031; x_wconf 90' lang='lat' dir='ltr'>uero</span> <span class='ocrx_word' id='word_1_93' title='bbox 714 984 888 1031; x_wconf 87' lang='lat' dir='ltr'>auctor</span> <span class='ocrx_word' id='word_1_94' title='bbox 925 983 978 1030; x_wconf 89' lang='lat' dir='ltr'>in</span> <span class='ocrx_word' id='word_1_95' title='bbox 1014 983 1111 1030; x_wconf 89' lang='lat' dir='ltr'>fine</span> <span class='ocrx_word' id='word_1_96' title='bbox 1149 982 1348 1045; x_wconf 88' lang='lat' dir='ltr'>prologi</span> <span class='ocrx_word' id='word_1_97' title='bbox 1387 997 1440 1030; x_wconf 90' lang='lat' dir='ltr'>se</span> <span class='ocrx_word' id='word_1_98' title='bbox 1479 980 1747 1029; x_wconf 85' lang='lat' dir='ltr'>defendens</span> 
     </span>
    </p>

    <p class='ocr_par' dir='ltr' id='par_1_5' title="bbox 10 1055 1745 1194">
     <span class='ocr_line' id='line_1_13' title="bbox 63 1055 1742 1120; baseline -0.002 -13"><span class='ocrx_word' id='word_1_99' title='bbox 63 1059 156 1108; x_wconf 84' lang='lat' dir='ltr'>ait:</span> <span class='ocrx_word' id='word_1_100' title='bbox 216 1072 417 1120; x_wconf 74' lang='lat' dir='ltr'>maynos</span> <span class='ocrx_word' id='word_1_101' title='bbox 459 1058 832 1118; x_wconf 76' lang='lat' dir='ltr'>praeclarosque</span> <span class='ocrx_word' id='word_1_102' title='bbox 884 1059 937 1105; x_wconf 76' lang='lat' dir='ltr'>in</span> <span class='ocrx_word' id='word_1_103' title='bbox 989 1057 1079 1105; x_wconf 77' lang='lat' dir='ltr'>hac</span> <span class='ocrx_word' id='word_1_104' title='bbox 1127 1059 1268 1116; x_wconf 74' lang='lat' dir='ltr'>parte</span> <span class='ocrx_word' id='word_1_105' title='bbox 1315 1070 1365 1104; x_wconf 85' lang='lat' dir='ltr'>se</span> <span class='ocrx_word' id='word_1_106' title='bbox 1409 1056 1542 1116; x_wconf 76' lang='lat' dir='ltr'>sequi</span> <span class='ocrx_word' id='word_1_107' title='bbox 1586 1055 1742 1115; x_wconf 71' lang='lat' dir='ltr'>duceS,</span> 
     </span>
     <span class='ocr_line' id='line_1_14' title="bbox 10 1130 1745 1194; baseline -0.002 -14"><span class='ocrx_word' id='word_1_108' title='bbox 10 1163 14 1165; x_wconf 98' lang='lat'>-</span> <span class='ocrx_word' id='word_1_109' title='bbox 52 1134 188 1194; x_wconf 78' lang='lat' dir='ltr'>quod</span> <span class='ocrx_word' id='word_1_110' title='bbox 231 1134 286 1180; x_wconf 76' lang='lat' dir='ltr'>in</span> <span class='ocrx_word' id='word_1_111' title='bbox 331 1133 568 1193; x_wconf 59' lang='lat' dir='ltr'>agendum</span> <span class='ocrx_word' id='word_1_112' title='bbox 614 1145 721 1179; x_wconf 78' lang='lat' dir='ltr'>cum</span> <span class='ocrx_word' id='word_1_113' title='bbox 767 1132 898 1180; x_wconf 81' lang='lat' dir='ltr'>clodo</span> <span class='ocrx_word' id='word_1_114' title='bbox 933 1132 1060 1191; x_wconf 77' lang='lat' dir='ltr'>pede</span> <span class='ocrx_word' id='word_1_115' title='bbox 1087 1131 1308 1191; x_wconf 72' lang='lat' dir='ltr'>prodeat.</span> <span class='ocrx_word' id='word_1_116' title='bbox 1383 1130 1451 1178; x_wconf 89' lang='lat' dir='ltr'>Et</span> <span class='ocrx_word' id='word_1_117' title='bbox 1502 1144 1621 1178; x_wconf 88' lang='lat' dir='ltr'>sane</span> <span class='ocrx_word' id='word_1_118' title='bbox 1673 1145 1745 1177; x_wconf 90' lang='lat' dir='ltr'>se-</span> 
     </span>
    </p>

    <p class='ocr_par' dir='ltr' id='par_1_6' title="bbox 0 1203 1750 1491">
     <span class='ocr_line' id='line_1_15' title="bbox 65 1203 1749 1269; baseline -0.003 -14"><span class='ocrx_word' id='word_1_119' title='bbox 65 1206 322 1269; x_wconf 87' lang='lat' dir='ltr'>quioribus</span> <span class='ocrx_word' id='word_1_120' title='bbox 376 1206 711 1268; x_wconf 83' lang='lat' dir='ltr'>temporibus,</span> <span class='ocrx_word' id='word_1_121' title='bbox 767 1205 948 1267; x_wconf 91' lang='lat' dir='ltr'>quibus</span> <span class='ocrx_word' id='word_1_122' title='bbox 999 1207 1173 1264; x_wconf 86' lang='lat' dir='ltr'>auctor</span> <span class='ocrx_word' id='word_1_123' title='bbox 1212 1203 1417 1261; x_wconf 82' lang='lat' dir='ltr'>Queroli</span> <span class='ocrx_word' id='word_1_124' title='bbox 1465 1203 1614 1265; x_wconf 80' lang='lat' dir='ltr'>uixit,</span> <span class='ocrx_word' id='word_1_125' title='bbox 1668 1203 1749 1251; x_wconf 92' lang='lat' dir='ltr'>hic</span> 
     </span>
     <span class='ocr_line' id='line_1_16' title="bbox 0 1278 1750 1363; baseline -0.002 -35"><span class='ocrx_word' id='word_1_126' title='bbox 0 1295 14 1363; x_wconf 49' lang='grc' dir='ltr'>ξ</span> <span class='ocrx_word' id='word_1_127' title='bbox 61 1296 169 1330; x_wconf 86' lang='lat' dir='ltr'>mos</span> <span class='ocrx_word' id='word_1_128' title='bbox 208 1282 472 1342; x_wconf 89' lang='lat' dir='ltr'>poetarum</span> <span class='ocrx_word' id='word_1_129' title='bbox 507 1279 783 1328; x_wconf 87' lang='lat' dir='ltr'>inualuisse</span> <span class='ocrx_word' id='word_1_130' title='bbox 806 1279 1022 1342; x_wconf 87' lang='lat' dir='ltr'>uidetur,</span> <span class='ocrx_word' id='word_1_131' title='bbox 1061 1282 1120 1327; x_wconf 90' lang='lat' dir='ltr'>ut</span> <span class='ocrx_word' id='word_1_132' title='bbox 1157 1279 1345 1340; x_wconf 85' lang='lat' dir='ltr'>partim</span> <span class='ocrx_word' id='word_1_133' title='bbox 1383 1293 1561 1326; x_wconf 88' lang='lat' dir='ltr'>uersus</span> <span class='ocrx_word' id='word_1_134' title='bbox 1600 1278 1750 1325; x_wconf 89' lang='lat' dir='ltr'>metri</span> 
     </span>
     <span class='ocr_line' id='line_1_17' title="bbox 63 1351 1748 1417; baseline -0.002 -14"><span class='ocrx_word' id='word_1_135' title='bbox 63 1355 276 1403; x_wconf 87' lang='lat' dir='ltr'>uinculis</span> <span class='ocrx_word' id='word_1_136' title='bbox 302 1354 568 1403; x_wconf 79' lang='lat' dir='ltr'>solutiores</span> <span class='ocrx_word' id='word_1_137' title='bbox 592 1354 856 1417; x_wconf 86' lang='lat' dir='ltr'>fingerent,</span> <span class='ocrx_word' id='word_1_138' title='bbox 895 1353 1083 1415; x_wconf 85' lang='lat' dir='ltr'>partim</span> <span class='ocrx_word' id='word_1_139' title='bbox 1112 1354 1276 1401; x_wconf 89' lang='lat' dir='ltr'>metra</span> <span class='ocrx_word' id='word_1_140' title='bbox 1312 1353 1445 1402; x_wconf 90' lang='lat' dir='ltr'>inter</span> <span class='ocrx_word' id='word_1_141' title='bbox 1485 1367 1538 1400; x_wconf 90' lang='lat' dir='ltr'>se</span> <span class='ocrx_word' id='word_1_142' title='bbox 1576 1351 1748 1414; x_wconf 87' lang='lat' dir='ltr'>iunge-</span> 
     </span>
     <span class='ocr_line' id='line_1_18' title="bbox 64 1426 1748 1491; baseline -0.002 -15"><span class='ocrx_word' id='word_1_143' title='bbox 64 1431 177 1477; x_wconf 89' lang='lat' dir='ltr'>rent</span> <span class='ocrx_word' id='word_1_144' title='bbox 216 1428 433 1491; x_wconf 87' lang='lat' dir='ltr'>diuersa,</span> <span class='ocrx_word' id='word_1_145' title='bbox 472 1443 598 1490; x_wconf 90' lang='lat' dir='ltr'>quae</span> <span class='ocrx_word' id='word_1_146' title='bbox 638 1428 831 1490; x_wconf 87' lang='lat' dir='ltr'>antiqui</span> <span class='ocrx_word' id='word_1_147' title='bbox 868 1442 968 1475; x_wconf 93' lang='lat' dir='ltr'>non</span> <span class='ocrx_word' id='word_1_148' title='bbox 997 1427 1329 1489; x_wconf 80' lang='lat' dir='ltr'>miscuissent,</span> <span class='ocrx_word' id='word_1_149' title='bbox 1369 1426 1556 1488; x_wconf 85' lang='lat' dir='ltr'>partim</span> <span class='ocrx_word' id='word_1_150' title='bbox 1596 1426 1748 1474; x_wconf 89' lang='lat' dir='ltr'>etiam</span> 
     </span>
    </p>
   </div>
   <div class='ocr_carea' id='block_1_3' title="bbox 0 0 44 413">
    <p class='ocr_par' dir='ltr' id='par_1_7' title="bbox 0 0 44 413">
     <span class='ocr_line' id='line_1_19' title="bbox 0 0 44 413; baseline 0 2789"><span class='ocrx_word' id='word_1_151' title='bbox 0 0 44 413; x_wconf 95' lang='lat' dir='ltr'> </span> 
     </span>
    </p>
   </div>
   <div class='ocr_carea' id='block_1_4' title="bbox 0 1499 1749 1862">
    <p class='ocr_par' dir='ltr' id='par_1_8' title="bbox 0 1499 1749 1862">
     <span class='ocr_line' id='line_1_20' title="bbox 62 1499 1749 1565; baseline -0.002 -15"><span class='ocrx_word' id='word_1_152' title='bbox 62 1517 195 1551; x_wconf 86' lang='lat' dir='ltr'>noua</span> <span class='ocrx_word' id='word_1_153' title='bbox 233 1501 411 1564; x_wconf 89' lang='lat' dir='ltr'>priscis</span> <span class='ocrx_word' id='word_1_154' title='bbox 451 1502 706 1565; x_wconf 84' lang='lat' dir='ltr'>incognita</span> <span class='ocrx_word' id='word_1_155' title='bbox 745 1501 1054 1550; x_wconf 85' lang='lat' dir='ltr'>adhiberent.</span> <span class='ocrx_word' id='word_1_156' title='bbox 1131 1501 1356 1549; x_wconf 86' lang='lat' dir='ltr'>Probant</span> <span class='ocrx_word' id='word_1_157' title='bbox 1400 1501 1493 1548; x_wconf 91' lang='lat' dir='ltr'>hoc</span> <span class='ocrx_word' id='word_1_158' title='bbox 1531 1499 1749 1562; x_wconf 89' lang='lat' dir='ltr'>plurima</span> 
     </span>
     <span class='ocr_line' id='line_1_21' title="bbox 0 1574 1747 1638; baseline -0.002 -14"><span class='ocrx_word' id='word_1_159' title='bbox 0 1587 10 1611; x_wconf 48' lang='lat' dir='ltr'>*a</span> <span class='ocrx_word' id='word_1_160' title='bbox 63 1579 115 1624; x_wconf 90' lang='lat' dir='ltr'>et</span> <span class='ocrx_word' id='word_1_161' title='bbox 154 1575 433 1638; x_wconf 85' lang='lat' dir='ltr'>singularia</span> <span class='ocrx_word' id='word_1_162' title='bbox 469 1578 702 1637; x_wconf 89' lang='lat' dir='ltr'>poemata</span> <span class='ocrx_word' id='word_1_163' title='bbox 741 1576 986 1638; x_wconf 88' lang='lat' dir='ltr'>sequioris</span> <span class='ocrx_word' id='word_1_164' title='bbox 1026 1575 1152 1638; x_wconf 86' lang='lat' dir='ltr'>aeui,</span> <span class='ocrx_word' id='word_1_165' title='bbox 1193 1574 1596 1624; x_wconf 87' lang='lat' dir='ltr'>Christianorum</span> <span class='ocrx_word' id='word_1_166' title='bbox 1632 1589 1747 1636; x_wconf 90' lang='lat' dir='ltr'>poe-</span> 
     </span>
     <span class='ocr_line' id='line_1_22' title="bbox 34 1644 1747 1713; baseline -0.001 -15"><span class='ocrx_word' id='word_1_167' title='bbox 34 1683 45 1687; x_wconf 90' lang='lat'>-</span> <span class='ocrx_word' id='word_1_168' title='bbox 61 1653 231 1698; x_wconf 88' lang='lat' dir='ltr'>tarum</span> <span class='ocrx_word' id='word_1_169' title='bbox 266 1644 486 1713; x_wconf 81' lang='lat' dir='ltr'>hymni,</span> <span class='ocrx_word' id='word_1_170' title='bbox 511 1650 809 1712; x_wconf 84' lang='lat' dir='ltr'>sepulcralia</span> <span class='ocrx_word' id='word_1_171' title='bbox 847 1652 1169 1698; x_wconf 90' lang='lat' dir='ltr'>monumenta</span> <span class='ocrx_word' id='word_1_172' title='bbox 1205 1649 1436 1697; x_wconf 88' lang='lat' dir='ltr'>uersibus</span> <span class='ocrx_word' id='word_1_173' title='bbox 1476 1647 1747 1697; x_wconf 86' lang='lat' dir='ltr'>liberrimis</span> 
     </span>
     <span class='ocr_line' id='line_1_23' title="bbox 63 1723 1748 1786; baseline -0.001 -14"><span class='ocrx_word' id='word_1_174' title='bbox 63 1723 262 1786; x_wconf 90' lang='lat' dir='ltr'>scripta,</span> <span class='ocrx_word' id='word_1_175' title='bbox 303 1739 428 1786; x_wconf 89' lang='lat' dir='ltr'>quae</span> <span class='ocrx_word' id='word_1_176' title='bbox 459 1724 512 1771; x_wconf 90' lang='lat' dir='ltr'>in</span> <span class='ocrx_word' id='word_1_177' title='bbox 542 1724 917 1773; x_wconf 87' lang='lat' dir='ltr'>collectionibus</span> <span class='ocrx_word' id='word_1_178' title='bbox 951 1724 1372 1786; x_wconf 87' lang='lat' dir='ltr'>epigrammatum</span> <span class='ocrx_word' id='word_1_179' title='bbox 1411 1725 1462 1772; x_wconf 90' lang='lat' dir='ltr'>et</span> <span class='ocrx_word' id='word_1_180' title='bbox 1500 1723 1748 1772; x_wconf 86' lang='lat' dir='ltr'>minorum</span> 
     </span>
     <span class='ocr_line' id='line_1_24' title="bbox 20 1798 1745 1862; baseline 0.001 -16"><span class='ocrx_word' id='word_1_181' title='bbox 20 1827 26 1831; x_wconf 92' lang='lat'><em>-</em></span> <span class='ocrx_word' id='word_1_182' title='bbox 61 1798 336 1847; x_wconf 88' lang='lat' dir='ltr'>carminum</span> <span class='ocrx_word' id='word_1_183' title='bbox 358 1798 548 1861; x_wconf 87' lang='lat' dir='ltr'>passim</span> <span class='ocrx_word' id='word_1_184' title='bbox 570 1798 823 1862; x_wconf 87' lang='lat' dir='ltr'>leguntur.</span> <span class='ocrx_word' id='word_1_185' title='bbox 880 1798 1210 1847; x_wconf 88' lang='lat' dir='ltr'>Trochaicum</span> <span class='ocrx_word' id='word_1_186' title='bbox 1247 1798 1547 1861; x_wconf 88' lang='lat' dir='ltr'>praesertim</span> <span class='ocrx_word' id='word_1_187' title='bbox 1586 1812 1745 1860; x_wconf 81' lang='lat' dir='ltr'>genus</span> 
     </span>
    </p>
   </div>
   <div class='ocr_carea' id='block_1_5' title="bbox 61 1945 412 1951">
    <p class='ocr_par' dir='ltr' id='par_1_9' title="bbox 61 1945 412 1951">
     <span class='ocr_line' id='line_1_25' title="bbox 61 1945 412 1951; baseline 0 0"><span class='ocrx_word' id='word_1_188' title='bbox 61 1945 412 1951; x_wconf 95' lang='lat' dir='ltr'> </span> 
     </span>
    </p>
   </div>
   <div class='ocr_carea' id='block_1_6' title="bbox 62 2028 1750 2206">
    <p class='ocr_par' dir='ltr' id='par_1_10' title="bbox 62 2028 1750 2206">
     <span class='ocr_line' id='line_1_26' title="bbox 180 2028 1750 2088; baseline -0.001 -14"><span class='ocrx_word' id='word_1_189' title='bbox 180 2028 221 2085; x_wconf 65' lang='lat'>²⁸)</span> <span class='ocrx_word' id='word_1_190' title='bbox 256 2029 369 2088; x_wconf 90' lang='lat' dir='ltr'>[non</span> <span class='ocrx_word' id='word_1_191' title='bbox 399 2031 523 2074; x_wconf 90' lang='lat' dir='ltr'>recte</span> <span class='ocrx_word' id='word_1_192' title='bbox 556 2028 622 2074; x_wconf 88' lang='lat' dir='ltr'>sic</span> <span class='ocrx_word' id='word_1_193' title='bbox 636 2029 980 2075; x_wconf 86' lang='lat' dir='ltr'>Wernsdorfius</span> <span class='ocrx_word' id='word_1_194' title='bbox 1010 2029 1342 2088; x_wconf 84' lang='lat' dir='ltr'>interpretatur</span> <span class='ocrx_word' id='word_1_195' title='bbox 1364 2029 1571 2075; x_wconf 88' lang='lat' dir='ltr'>Danielis</span> <span class='ocrx_word' id='word_1_196' title='bbox 1595 2029 1750 2074; x_wconf 84' lang='lat' dir='ltr'>uerbis</span> 
     </span>
     <span class='ocr_line' id='line_1_27' title="bbox 62 2088 1749 2146; baseline 0 -13"><span class='ocrx_word' id='word_1_197' title='bbox 62 2104 192 2133; x_wconf 85' lang='lat' dir='ltr'>usus:</span> <span class='ocrx_word' id='word_1_198' title='bbox 246 2088 374 2133; x_wconf 88' lang='lat' dir='ltr'>haud</span> <span class='ocrx_word' id='word_1_199' title='bbox 413 2088 550 2132; x_wconf 88' lang='lat' dir='ltr'>dubie</span> <span class='ocrx_word' id='word_1_200' title='bbox 590 2089 778 2134; x_wconf 89' lang='lat' dir='ltr'>clodum</span> <span class='ocrx_word' id='word_1_201' title='bbox 817 2091 890 2134; x_wconf 87' lang='lat' dir='ltr'>est</span> <span class='ocrx_word' id='word_1_202' title='bbox 923 2091 1125 2134; x_wconf 86' lang='lat' dir='ltr'>metrum</span> <span class='ocrx_word' id='word_1_203' title='bbox 1158 2090 1286 2134; x_wconf 86' lang='lat' dir='ltr'>cuius</span> <span class='ocrx_word' id='word_1_204' title='bbox 1326 2090 1474 2134; x_wconf 76' lang='lat' dir='ltr'>altera</span> <span class='ocrx_word' id='word_1_205' title='bbox 1503 2102 1611 2146; x_wconf 88' lang='lat' dir='ltr'>pars</span> <span class='ocrx_word' id='word_1_206' title='bbox 1644 2103 1749 2134; x_wconf 89' lang='grc'>011111</span> 
     </span>
     <span class='ocr_line' id='line_1_28' title="bbox 63 2147 1748 2206; baseline 0 -13"><span class='ocrx_word' id='word_1_207' title='bbox 63 2148 214 2193; x_wconf 80' lang='lat' dir='ltr'>altera</span> <span class='ocrx_word' id='word_1_208' title='bbox 255 2163 346 2193; x_wconf 88' lang='lat' dir='ltr'>non</span> <span class='ocrx_word' id='word_1_209' title='bbox 395 2147 645 2203; x_wconf 81' lang='lat' dir='ltr'>consentit3</span> <span class='ocrx_word' id='word_1_210' title='bbox 700 2149 838 2205; x_wconf 79' lang='lat' dir='ltr'>atque</span> <span class='ocrx_word' id='word_1_211' title='bbox 884 2148 976 2193; x_wconf 90' lang='lat' dir='ltr'>hoc</span> <span class='ocrx_word' id='word_1_212' title='bbox 1021 2163 1193 2193; x_wconf 90' lang='lat' dir='ltr'>nomen</span> <span class='ocrx_word' id='word_1_213' title='bbox 1238 2149 1296 2192; x_wconf 91' lang='lat' dir='ltr'>de</span> <span class='ocrx_word' id='word_1_214' title='bbox 1344 2148 1551 2206; x_wconf 86' lang='lat' dir='ltr'>elegiaco</span> <span class='ocrx_word' id='word_1_215' title='bbox 1598 2150 1748 2193; x_wconf 86' lang='lat' dir='ltr'>metro</span> 
     </span>
    </p>
   </div>
   <div class='ocr_carea' id='block_1_7' title="bbox 22 2266 1752 2975">
    <p class='ocr_par' dir='ltr' id='par_1_11' title="bbox 22 2266 1752 2975">
     <span class='ocr_line' id='line_1_29' title="bbox 28 2266 1751 2324; baseline 0 -13"><span class='ocrx_word' id='word_1_216' title='bbox 28 2302 33 2304; x_wconf 45' lang='lat'>&gt;</span> <span class='ocrx_word' id='word_1_217' title='bbox 67 2280 173 2311; x_wconf 89' lang='lat' dir='ltr'>cum</span> <span class='ocrx_word' id='word_1_218' title='bbox 203 2266 285 2310; x_wconf 91' lang='lat' dir='ltr'>ille</span> <span class='ocrx_word' id='word_1_219' title='bbox 317 2266 511 2310; x_wconf 84' lang='lat' dir='ltr'>dixisset</span> <span class='ocrx_word' id='word_1_220' title='bbox 541 2266 678 2310; x_wconf 86' lang='lat' dir='ltr'>Trist.</span> <span class='ocrx_word' id='word_1_221' title='bbox 702 2266 768 2309; x_wconf 94' lang='lat' dir='ltr'>III</span> <span class='ocrx_word' id='word_1_222' title='bbox 802 2272 841 2323; x_wconf 90' lang='lat'>1,</span> <span class='ocrx_word' id='word_1_223' title='bbox 867 2272 919 2310; x_wconf 94' lang='lat'>11</span> <span class='ocrx_word' id='word_1_224' title='bbox 955 2267 1124 2311; x_wconf 81' lang='lat' dir='ltr'>clauda</span> <span class='ocrx_word' id='word_1_225' title='bbox 1151 2269 1271 2324; x_wconf 78' lang='lat' dir='ltr'>quod</span> <span class='ocrx_word' id='word_1_226' title='bbox 1302 2267 1476 2312; x_wconf 74' lang='lat' dir='ltr'>alterno</span> <span class='ocrx_word' id='word_1_227' title='bbox 1506 2267 1751 2311; x_wconf 77' lang='lat' dir='ltr'>subsidumt</span> 
     </span>
     <span class='ocr_line' id='line_1_30' title="bbox 23 2325 1747 2383; baseline -0.001 -13"><span class='ocrx_word' id='word_1_228' title='bbox 23 2352 29 2376; x_wconf 63' lang='lat'>1</span> <span class='ocrx_word' id='word_1_229' title='bbox 66 2326 275 2371; x_wconf 80' lang='lat' dir='ltr'>carmina</span> <span class='ocrx_word' id='word_1_230' title='bbox 313 2339 451 2370; x_wconf 81' lang='lat' dir='ltr'>uersu</span> <span class='ocrx_word' id='word_1_231' title='bbox 506 2325 586 2369; x_wconf 84' lang='lat' dir='ltr'>Vel</span> <span class='ocrx_word' id='word_1_232' title='bbox 614 2325 749 2381; x_wconf 80' lang='lat' dir='ltr'>pedis</span> <span class='ocrx_word' id='word_1_233' title='bbox 786 2326 868 2369; x_wconf 80' lang='lat' dir='ltr'>hoc</span> <span class='ocrx_word' id='word_1_234' title='bbox 906 2326 1026 2370; x_wconf 80' lang='lat' dir='ltr'>ratio</span> <span class='ocrx_word' id='word_1_235' title='bbox 1056 2327 1131 2370; x_wconf 76' lang='lat' dir='ltr'>uel</span> <span class='ocrx_word' id='word_1_236' title='bbox 1159 2326 1244 2370; x_wconf 81' lang='lat' dir='ltr'>uia</span> <span class='ocrx_word' id='word_1_237' title='bbox 1275 2327 1412 2382; x_wconf 76' lang='lat' dir='ltr'>lonya</span> <span class='ocrx_word' id='word_1_238' title='bbox 1442 2326 1577 2380; x_wconf 78' lang='lat' dir='ltr'>facit.-</span> <span class='ocrx_word' id='word_1_239' title='bbox 1632 2339 1669 2368; x_wconf 92' lang='lat' dir='ltr'>e.</span> <span class='ocrx_word' id='word_1_240' title='bbox 1703 2341 1747 2383; x_wconf 87' lang='lat' dir='ltr'>g.</span> 
     </span>
     <span class='ocr_line' id='line_1_31' title="bbox 33 2384 1752 2443; baseline -0.001 -14"><span class='ocrx_word' id='word_1_241' title='bbox 33 2384 330 2429; x_wconf 68' lang='lat' dir='ltr'>⁴Matthaeus</span> <span class='ocrx_word' id='word_1_242' title='bbox 363 2384 719 2429; x_wconf 88' lang='lat' dir='ltr'>Vindocinensis</span> <span class='ocrx_word' id='word_1_243' title='bbox 763 2384 937 2429; x_wconf 84' lang='lat' dir='ltr'>Tobiae</span> <span class='ocrx_word' id='word_1_244' title='bbox 985 2400 1029 2428; x_wconf 91' lang='lat' dir='ltr'>u.</span> <span class='ocrx_word' id='word_1_245' title='bbox 1073 2390 1190 2429; x_wconf 80' lang='lat'>2114</span> <span class='ocrx_word' id='word_1_246' title='bbox 1236 2386 1376 2443; x_wconf 77' lang='lat' dir='ltr'>eleyia</span> <span class='ocrx_word' id='word_1_247' title='bbox 1423 2385 1638 2430; x_wconf 80' lang='lat' dir='ltr'>claudum</span> <span class='ocrx_word' id='word_1_248' title='bbox 1683 2385 1752 2428; x_wconf 91' lang='lat' dir='ltr'>ait</span> 
     </span>
     <span class='ocr_line' id='line_1_32' title="bbox 75 2442 1750 2502; baseline -0.001 -14"><span class='ocrx_word' id='word_1_249' title='bbox 75 2442 297 2488; x_wconf 80' lang='lat' dir='ltr'>Vendicat</span> <span class='ocrx_word' id='word_1_250' title='bbox 339 2448 531 2488; x_wconf 75' lang='lat' dir='ltr'>ornatus</span> <span class='ocrx_word' id='word_1_251' title='bbox 572 2445 831 2501; x_wconf 72' lang='lat' dir='ltr'>inteqritate</span> <span class='ocrx_word' id='word_1_252' title='bbox 868 2444 1036 2499; x_wconf 81' lang='lat' dir='ltr'>pedem.</span> <span class='ocrx_word' id='word_1_253' title='bbox 1097 2444 1228 2488; x_wconf 89' lang='lat' dir='ltr'>Alias</span> <span class='ocrx_word' id='word_1_254' title='bbox 1269 2444 1414 2502; x_wconf 85' lang='lat' dir='ltr'>igitur</span> <span class='ocrx_word' id='word_1_255' title='bbox 1454 2444 1582 2500; x_wconf 86' lang='lat' dir='ltr'>leges</span> <span class='ocrx_word' id='word_1_256' title='bbox 1625 2444 1750 2501; x_wconf 89' lang='lat' dir='ltr'>apud</span> 
     </span>
     <span class='ocr_line' id='line_1_33' title="bbox 26 2502 1749 2560; baseline 0 -13"><span class='ocrx_word' id='word_1_257' title='bbox 26 2535 30 2541; x_wconf 26' lang='grc' dir='ltr'><strong>Α</strong></span> <span class='ocrx_word' id='word_1_258' title='bbox 62 2504 272 2547; x_wconf 89' lang='lat' dir='ltr'>nostrum</span> <span class='ocrx_word' id='word_1_259' title='bbox 315 2517 497 2559; x_wconf 89' lang='lat' dir='ltr'>quoque</span> <span class='ocrx_word' id='word_1_260' title='bbox 540 2503 716 2560; x_wconf 88' lang='lat' dir='ltr'>priores</span> <span class='ocrx_word' id='word_1_261' title='bbox 760 2502 1105 2547; x_wconf 87' lang='lat' dir='ltr'>enuntiatorum</span> <span class='ocrx_word' id='word_1_262' title='bbox 1146 2505 1304 2560; x_wconf 88' lang='lat' dir='ltr'>partes</span> <span class='ocrx_word' id='word_1_263' title='bbox 1348 2505 1584 2558; x_wconf 87' lang='lat' dir='ltr'>secuntur,</span> <span class='ocrx_word' id='word_1_264' title='bbox 1631 2503 1749 2548; x_wconf 88' lang='lat' dir='ltr'>alias</span> 
     </span>
     <span class='ocr_line' id='line_1_34' title="bbox 62 2561 1746 2619; baseline 0 -13"><span class='ocrx_word' id='word_1_265' title='bbox 62 2561 362 2619; x_wconf 84' lang='lat' dir='ltr'>posteriores:</span> <span class='ocrx_word' id='word_1_266' title='bbox 406 2562 518 2606; x_wconf 89' lang='lat' dir='ltr'>illae</span> <span class='ocrx_word' id='word_1_267' title='bbox 552 2576 657 2606; x_wconf 89' lang='lat' dir='ltr'>cum</span> <span class='ocrx_word' id='word_1_268' title='bbox 692 2562 785 2605; x_wconf 86' lang='lat' dir='ltr'>sint</span> <span class='ocrx_word' id='word_1_269' title='bbox 815 2561 875 2605; x_wconf 89' lang='lat' dir='ltr'>ad</span> <span class='ocrx_word' id='word_1_270' title='bbox 905 2576 1092 2618; x_wconf 88' lang='lat' dir='ltr'>prosam</span> <span class='ocrx_word' id='word_1_271' title='bbox 1124 2563 1382 2607; x_wconf 89' lang='lat' dir='ltr'>orationem</span> <span class='ocrx_word' id='word_1_272' title='bbox 1414 2561 1746 2616; x_wconf 89' lang='lat' dir='ltr'>conformatae,</span> 
     </span>
     <span class='ocr_line' id='line_1_35' title="bbox 62 2620 1749 2678; baseline 0.001 -14"><span class='ocrx_word' id='word_1_273' title='bbox 62 2620 325 2664; x_wconf 78' lang='lat' dir='ltr'>trochaicae</span> <span class='ocrx_word' id='word_1_274' title='bbox 358 2621 423 2665; x_wconf 89' lang='lat' dir='ltr'>eis</span> <span class='ocrx_word' id='word_1_275' title='bbox 456 2621 669 2665; x_wconf 79' lang='lat' dir='ltr'>adiunxit</span> <span class='ocrx_word' id='word_1_276' title='bbox 698 2621 971 2677; x_wconf 86' lang='lat' dir='ltr'>plerumque</span> <span class='ocrx_word' id='word_1_277' title='bbox 1005 2621 1250 2666; x_wconf 86' lang='lat' dir='ltr'>clausulas.</span> <span class='ocrx_word' id='word_1_278' title='bbox 1297 2621 1398 2665; x_wconf 89' lang='lat' dir='ltr'>Nec</span> <span class='ocrx_word' id='word_1_279' title='bbox 1422 2621 1613 2666; x_wconf 87' lang='lat' dir='ltr'>dubium</span> <span class='ocrx_word' id='word_1_280' title='bbox 1637 2621 1749 2678; x_wconf 91' lang='lat' dir='ltr'>quin</span> 
     </span>
     <span class='ocr_line' id='line_1_36' title="bbox 62 2679 1747 2725; baseline 0.001 -3"><span class='ocrx_word' id='word_1_281' title='bbox 62 2679 181 2722; x_wconf 87' lang='grc'>11000</span> <span class='ocrx_word' id='word_1_282' title='bbox 218 2680 338 2723; x_wconf 85' lang='lat' dir='ltr'>ratio</span> <span class='ocrx_word' id='word_1_283' title='bbox 379 2680 440 2724; x_wconf 89' lang='lat' dir='ltr'>sit</span> <span class='ocrx_word' id='word_1_284' title='bbox 475 2682 588 2724; x_wconf 86' lang='lat' dir='ltr'>nata</span> <span class='ocrx_word' id='word_1_285' title='bbox 627 2693 682 2724; x_wconf 87' lang='lat' dir='ltr'>ex</span> <span class='ocrx_word' id='word_1_286' title='bbox 720 2680 842 2723; x_wconf 88' lang='lat' dir='ltr'>male</span> <span class='ocrx_word' id='word_1_287' title='bbox 881 2680 957 2723; x_wconf 90' lang='lat' dir='ltr'>uel</span> <span class='ocrx_word' id='word_1_288' title='bbox 988 2694 1079 2724; x_wconf 89' lang='lat' dir='ltr'>non</span> <span class='ocrx_word' id='word_1_289' title='bbox 1114 2681 1226 2724; x_wconf 84' lang='lat' dir='ltr'>satis</span> <span class='ocrx_word' id='word_1_290' title='bbox 1257 2680 1498 2725; x_wconf 87' lang='lat' dir='ltr'>intellecta</span> <span class='ocrx_word' id='word_1_291' title='bbox 1529 2694 1747 2724; x_wconf 86' lang='lat' dir='ltr'>uersuum</span> 
     </span>
     <span class='ocr_line' id='line_1_37' title="bbox 65 2737 1747 2796; baseline 0.002 -16"><span class='ocrx_word' id='word_1_292' title='bbox 65 2737 449 2782; x_wconf 87' lang='lat' dir='ltr'>Terentianorum</span> <span class='ocrx_word' id='word_1_293' title='bbox 481 2738 863 2784; x_wconf 85' lang='lat' dir='ltr'>conformatione</span> <span class='ocrx_word' id='word_1_294' title='bbox 881 2765 936 2770; x_wconf 89' lang='lat'>—</span> <span class='ocrx_word' id='word_1_295' title='bbox 964 2738 1098 2793; x_wconf 86' lang='lat' dir='ltr'>Quod</span> <span class='ocrx_word' id='word_1_296' title='bbox 1121 2739 1432 2784; x_wconf 87' lang='lat' dir='ltr'>Buechelerus</span> <span class='ocrx_word' id='word_1_297' title='bbox 1462 2753 1610 2796; x_wconf 87' lang='lat' dir='ltr'>nuper</span> <span class='ocrx_word' id='word_1_298' title='bbox 1640 2754 1747 2784; x_wconf 88' lang='lat' dir='ltr'>con-</span> 
     </span>
     <span class='ocr_line' id='line_1_38' title="bbox 64 2795 1749 2856; baseline 0.002 -16"><span class='ocrx_word' id='word_1_299' title='bbox 64 2795 177 2840; x_wconf 85' lang='lat' dir='ltr'>iecit</span> <span class='ocrx_word' id='word_1_300' title='bbox 196 2796 258 2840; x_wconf 95' lang='lat' dir='ltr'>M.</span> <span class='ocrx_word' id='word_1_301' title='bbox 275 2797 365 2841; x_wconf 86' lang='lat' dir='ltr'>Rh.</span> <span class='ocrx_word' id='word_1_302' title='bbox 382 2797 556 2842; x_wconf 90' lang='lat' dir='ltr'>XXVII</span> <span class='ocrx_word' id='word_1_303' title='bbox 571 2803 660 2843; x_wconf 84' lang='grc'>474</span> <span class='ocrx_word' id='word_1_304' title='bbox 690 2798 963 2842; x_wconf 88' lang='lat' dir='ltr'>Africanum</span> <span class='ocrx_word' id='word_1_305' title='bbox 993 2797 1135 2842; x_wconf 81' lang='lat' dir='ltr'>fuisse</span> <span class='ocrx_word' id='word_1_306' title='bbox 1167 2801 1370 2856; x_wconf 87' lang='lat' dir='ltr'>poetam,</span> <span class='ocrx_word' id='word_1_307' title='bbox 1403 2813 1507 2843; x_wconf 89' lang='lat' dir='ltr'>cum</span> <span class='ocrx_word' id='word_1_308' title='bbox 1539 2799 1589 2843; x_wconf 92' lang='lat' dir='ltr'>in</span> <span class='ocrx_word' id='word_1_309' title='bbox 1617 2799 1749 2843; x_wconf 88' lang='lat' dir='ltr'>nulla</span> 
     </span>
     <span class='ocr_line' id='line_1_39' title="bbox 66 2814 1744 2915; baseline 0.002 -17"><span class='ocrx_word' id='word_1_310' title='bbox 66 2855 161 2899; x_wconf 85' lang='lat' dir='ltr'>alia</span> <span class='ocrx_word' id='word_1_311' title='bbox 191 2855 314 2899; x_wconf 89' lang='lat' dir='ltr'>orbis</span> <span class='ocrx_word' id='word_1_312' title='bbox 344 2859 572 2901; x_wconf 85' lang='lat' dir='ltr'>terrarum</span> <span class='ocrx_word' id='word_1_313' title='bbox 603 2861 737 2914; x_wconf 86' lang='lat' dir='ltr'>parte</span> <span class='ocrx_word' id='word_1_314' title='bbox 770 2870 910 2913; x_wconf 87' lang='lat' dir='ltr'>quam</span> <span class='ocrx_word' id='word_1_315' title='bbox 941 2858 989 2900; x_wconf 91' lang='lat' dir='ltr'>in</span> <span class='ocrx_word' id='word_1_316' title='bbox 1007 2814 1198 2902; x_wconf 77' lang='lat' dir='ltr'>Africap</span> <span class='ocrx_word' id='word_1_317' title='bbox 1198 2858 1384 2903; x_wconf 88' lang='lat' dir='ltr'>clodum</span> <span class='ocrx_word' id='word_1_318' title='bbox 1414 2857 1548 2902; x_wconf 89' lang='lat' dir='ltr'>illum</span> <span class='ocrx_word' id='word_1_319' title='bbox 1581 2858 1744 2915; x_wconf 87' lang='lat' dir='ltr'>pedem</span> 
     </span>
     <span class='ocr_line' id='line_1_40' title="bbox 22 2910 1478 2975; baseline 0.003 -18"><span class='ocrx_word' id='word_1_320' title='bbox 22 2965 25 2969; x_wconf 21' lang='grc' dir='ltr'><strong><em>Δ</em></strong></span> <span class='ocrx_word' id='word_1_321' title='bbox 62 2910 276 2958; x_wconf 85' lang='lat' dir='ltr'>habeant</span> <span class='ocrx_word' id='word_1_322' title='bbox 299 2915 506 2960; x_wconf 81' lang='lat' dir='ltr'>carmina</span> <span class='ocrx_word' id='word_1_323' title='bbox 534 2916 777 2973; x_wconf 87' lang='lat' dir='ltr'>lapidaria,</span> <span class='ocrx_word' id='word_1_324' title='bbox 810 2930 902 2960; x_wconf 91' lang='lat' dir='ltr'>non</span> <span class='ocrx_word' id='word_1_325' title='bbox 934 2915 1049 2960; x_wconf 87' lang='lat' dir='ltr'>satis</span> <span class='ocrx_word' id='word_1_326' title='bbox 1080 2916 1196 2960; x_wconf 88' lang='lat' dir='ltr'>mihi</span> <span class='ocrx_word' id='word_1_327' title='bbox 1226 2917 1478 2975; x_wconf 71' lang='lat' dir='ltr'>probauit]</span> 
     </span>
    </p>
   </div>
   <div class='ocr_carea' id='block_1_8' title="bbox 0 2050 45 3202">
    <p class='ocr_par' dir='ltr' id='par_1_12' title="bbox 0 2050 45 3202">
     <span class='ocr_line' id='line_1_41' title="bbox 0 2050 45 3202; baseline 0 0"><span class='ocrx_word' id='word_1_328' title='bbox 0 2050 45 3202; x_wconf 95' lang='lat' dir='ltr'> </span> 
     </span>
    </p>
   </div>
   <div class='ocr_carea' id='block_1_9' title="bbox 62 2206 1827 2264">
    <p class='ocr_par' dir='ltr' id='par_1_13' title="bbox 62 2206 1827 2264">
     <span class='ocr_line' id='line_1_42' title="bbox 62 2206 1827 2264; baseline 0 -13"><span class='ocrx_word' id='word_1_329' title='bbox 62 2209 317 2264; x_wconf 88' lang='lat' dir='ltr'>praeeunte</span> <span class='ocrx_word' id='word_1_330' title='bbox 344 2206 512 2252; x_wconf 88' lang='lat' dir='ltr'>Ouidio</span> <span class='ocrx_word' id='word_1_331' title='bbox 543 2207 592 2250; x_wconf 89' lang='lat' dir='ltr'>in</span> <span class='ocrx_word' id='word_1_332' title='bbox 621 2222 709 2251; x_wconf 88' lang='lat' dir='ltr'>usu</span> <span class='ocrx_word' id='word_1_333' title='bbox 738 2207 830 2252; x_wconf 85' lang='lat' dir='ltr'>fuit</span> <span class='ocrx_word' id='word_1_334' title='bbox 857 2221 942 2264; x_wconf 89' lang='lat' dir='ltr'>per</span> <span class='ocrx_word' id='word_1_335' title='bbox 971 2209 1125 2252; x_wconf 88' lang='lat' dir='ltr'>totum</span> <span class='ocrx_word' id='word_1_336' title='bbox 1153 2207 1361 2252; x_wconf 87' lang='lat' dir='ltr'>medium</span> <span class='ocrx_word' id='word_1_337' title='bbox 1392 2221 1571 2252; x_wconf 87' lang='lat' dir='ltr'>aeuum.</span> <span class='ocrx_word' id='word_1_338' title='bbox 1624 2207 1748 2252; x_wconf 88' lang='lat' dir='ltr'>Nam</span> <span class='ocrx_word' id='word_1_339' title='bbox 1813 2227 1827 2232; x_wconf 46' lang='grc'><strong>“</strong></span> 
     </span>
    </p>
   </div>
  </div>
 </body>
</html>
