2032 3202
911 149 1228 194 ...ΧΧ-

475 297 567 339 ΙΙΙ.
629 296 717 340 DE
755 296 1146 343 AVCTORVM
1183 298 1661 344 TESTIMONIIS.

380 420 628 469 Seruius
675 420 739 468 ad
777 421 974 483 Vergili
1009 422 1056 470 A
1094 422 1171 472 III
1210 425 1339 471 226:
1393 424 1648 472 Plautus
1695 423 1748 472 in
1786 422 1912 480 Que-

234 496 343 543 rulo
384 494 445 542 de
484 493 768 542 anseribus:
811 492 920 557 [30,
965 495 1054 558 16]
1097 495 1359 545 Cuncti—
1379 497 1698 559 clangoribus

380 566 636 616 Seruius
674 568 727 616 in
764 568 1075 617 Eichenfeldi
1112 573 1164 618 et
1201 570 1489 618 Endlicheri
1510 569 1676 618 Anall.
1701 585 1911 633 gramm.

231 659 278 704 p.
304 642 432 690 535:
471 641 734 690 Terentius
759 642 1009 705 rhythmis
1036 643 1209 691 scribit
1232 643 1511 692 comoedias
1534 645 1618 692 uel
1641 644 1912 692 Plautus.

380 715 803 777 Liutprandus
857 709 914 780 (†
962 709 1092 782 972)
1145 715 1484 779 Antapodosis
1538 717 1563 764 I
1617 710 1699 783 (3)
1753 733 1794 765 c.
1845 719 1907 764 11

233 782 404 854 (Pertz
429 788 497 836 SS
521 789 597 836 III
623 791 727 837 277
756 782 838 854 s.):
881 786 990 851 [35,
1012 787 1250 852 10—12]
1290 790 1427 838 Mars
1449 790 1679 853 trigonus
1696 816 1764 823 -—
1780 791 1914 838 saltu

231 865 323 912 est.
401 860 489 923 [ib.
532 860 622 924 13]
662 862 1085 925 Mala—premit

379 935 676 984 Iohannes
718 934 1195 985 Sarisberiensis
1236 930 1293 1002 (ἦ-
1322 930 1488 1003 1182)
1526 937 1580 984 in
1617 937 1912 985 Policratico

232 1010 256 1057 I
298 1011 329 1058 8
372 1002 521 1075 (Opp.
562 1009 636 1056 ed.
678 1007 816 1057 Giles
854 1009 931 1056 ΠΙ
969 1003 1086 1076 42);
1134 1010 1420 1058 Histriones
1460 1011 1604 1058 erant
1643 1010 1729 1072 qui
1765 1012 1914 1073 gestu

231 1083 452 1145 corporis
505 1085 711 1144 arteque
760 1083 1032 1131 uerborum
1082 1085 1132 1132 et
1181 1084 1521 1132 modulatione
1569 1084 1707 1131 uocis
1753 1083 1913 1131 factas

233 1159 321 1205 aut
359 1156 500 1205 fictas
539 1156 777 1204 historias
819 1156 910 1204 sub
951 1160 1157 1219 aspectu
1194 1157 1393 1218 publico
1433 1157 1741 1204 referebant:
1789 1171 1912 1218 quos

232 1230 366 1292 apud
419 1229 703 1278 Plautum
753 1230 949 1278 inuenis
1004 1233 1055 1278 et
1107 1230 1437 1278 Menandrum
1491 1232 1542 1278 et
1596 1230 1776 1292 quibus
1832 1244 1914 1278 ars

234 1303 395 1352 nostri
434 1303 657 1351 Terentii
702 1303 982 1352 innotescit.
1066 1303 1207 1351 Idem
1252 1303 1566 1366 Polycratico
1612 1303 1664 1350 H
1704 1304 1771 1351 25
1814 1295 1917 1368 (ΠΙ

237 1379 338 1426 129
368 1369 504 1441 Gn.)
561 1376 818 1439 Numquid
840 1377 935 1424 tibi
957 1377 1157 1425 uidetur
1187 1377 1356 1425 uerior
1379 1379 1430 1424 et
1452 1376 1645 1424 fidelior
1669 1376 1918 1425 sententia

231 1449 368 1498 Iouis
417 1451 467 1498 et
505 1449 707 1511 MartiS,
755 1465 905 1512 quam
957 1450 1204 1498 sententia
1242 1449 1517 1498 creatoris?
1591 1450 1707 1498 Non
1742 1450 1916 1511 utique

234 1523 406 1571 Plauti
456 1523 661 1571 consilio
714 1523 1018 1586 acquiesces,
1075 1524 1118 1571 si
1170 1523 1308 1571 istud
1356 1523 1542 1570 uirium
1578 1523 1795 1585 planetis
1835 1522 1918 1570 ad-

236 1597 510 1659 scripseris.
607 1595 733 1643 Cum
793 1597 925 1645 enim
977 1596 1298 1659 Sycophanta
1355 1597 1747 1659 Mandrogerum
1806 1610 1917 1658 per-

234 1671 573 1731 cunctaretur,
625 1685 690 1717 an
738 1670 814 1718 1111
865 1671 964 1718 sint
1002 1671 1234 1732 planetae
1271 1670 1523 1732 placandi,
1575 1670 1661 1732 qui
1698 1669 1917 1716 numeris

234 1746 400 1792 totum
450 1745 638 1794 rotant:
693 1759 777 1791 eos
827 1744 1190 1806 Mandrogerus
1239 1759 1329 1791 nec
1377 1745 1550 1791 nostro
1589 1743 1705 1791 uisu
1743 1742 1916 1791 faciles

234 1832 324 1864 nec
364 1816 498 1864 dictu
537 1816 761 1877 affabiles
802 1832 910 1865 esse
948 1816 1225 1878 respondit,
1278 1815 1494 1864 adiciens
1543 1816 1675 1878 quod
1724 1818 1917 1863 atomos

235 1891 289 1938 in
328 1905 411 1938 ore
450 1890 676 1950 uoluunt,
717 1890 889 1938 stellas
913 1892 1192 1952 numerant,
1234 1890 1340 1936 sola
1363 1891 1559 1937 mutare
1583 1904 1684 1937 non
1706 1890 1917 1949 possunt

238 1978 329 2011 sua
367 1965 418 2010 et
442 1979 485 2024 q.
513 1978 548 2010 s.
590 1954 794 2027 (quibus
834 1979 893 2010 ex
931 1963 1098 2010 uerbis
1139 1965 1350 2024 apparet
1388 1965 1550 2010 totam
1587 1962 1812 2009 fabulam
1850 1961 1916 2008 le-

240 2037 377 2098 gisse
415 2029 725 2100 Iohannem).

384 2109 523 2156 Idem
574 2109 627 2156 in
676 2109 940 2157 Enthetico
980 2126 1027 2156 u,
1071 2110 1209 2157 1683
1252 2102 1335 2174 (cf.
1380 2102 1572 2174 1361):
1629 2108 1920 2155 Plautinum

241 2183 511 2239 Querolum
547 2182 745 2230 miraris
785 2182 968 2244 ubique
1008 2182 1189 2245 uideri3
1229 2182 1474 2244 mancipio
1514 2182 1607 2230 tali
1645 2196 1744 2230 non
1782 2181 1919 2227 caret

238 2257 343 2304 ulla
381 2256 570 2303 domus.

389 2329 626 2376 Traditur
672 2329 725 2376 in
772 2328 976 2378 Gestis
1023 2330 1421 2378 Romanorum
1468 2343 1507 2376 c.
1550 2328 1651 2376 175
1694 2319 1792 2390 (ed.
1834 2341 1917 2372 no-

243 2403 475 2450 uissimae
516 2420 561 2463 p.
588 2396 719 2467 574)
758 2418 964 2450 narrare
988 2403 1208 2450 Plinium
1249 2400 1374 2464 [nat.
1399 2402 1515 2449 hist.
1540 2400 1638 2447 VII
1664 2397 1756 2460 23]
1797 2399 1922 2458 quod

242 2477 397 2535 aliqui
433 2477 643 2524 homines
681 2479 793 2524 szmt
830 2478 1008 2524 canina
1046 2478 1207 2536 capita
1245 2477 1466 2524 habentes
1503 2475 1586 2534 qm·
1608 2488 1716 2521 cum
1739 2474 1920 2521 latratu

243 2550 503 2609 loquantur
558 2553 599 2596 et
651 2552 922 2598 aestimatur
966 2551 1175 2609 pellibus
1229 2550 1529 2598 animalium.
1620 2546 1920 2606 additurque

242 2622 446 2670 moralis
492 2622 866 2684 interpretatio:
930 2623 1074 2672 Tales
1110 2625 1387 2683 siqnificant
1419 2621 1796 2681 praedicatores,
1842 2620 1924 2677 qm·

244 2710 405 2744 omnes
452 2697 741 2743 animalium
776 2696 986 2756 pellibus
1023 2698 1188 2744 debent
1222 2697 1390 2744 acstirei
1434 2696 1465 2742 i.
1505 2708 1542 2741 e.
1581 2707 1756 2752 aspera
1784 2693 1923 2752 peni-

246 2771 392 2816 tentia
420 2772 622 2830 propter
660 2770 834 2816 bonum
873 2771 1136 2829 exemplum
1175 2770 1286 2818 aliis
1324 2768 1539 2816 dandum
1575 2767 1728 2814 indui.
1786 2764 1921 2821 Quae

245 2842 512 2890 translatio
554 2858 612 2889 ex
651 2842 943 2889 Aululariae
982 2843 1193 2890 lectione
1233 2841 1433 2889 uidetur
1470 2842 1590 2887 nata
1629 2855 1751 2887 esse.

397 2914 625 2963 Vita-lis
666 2918 815 2977 poeta
854 2909 918 2980 (is
946 2916 1030 2977 qui
1054 2915 1306 2964 Blesensis
1346 2915 1635 2974 plerumque
1675 2912 1816 2960 audit
1854 2912 1923 2958 in-
