2032 3202
913 160 967 165 --
1031 134 1118 177 XII
1182 161 1234 166 —

231 273 346 306 nem
370 258 700 305 Reuchlinum
730 258 1073 319 plautinarum
1096 258 1382 306 fabularum
1421 259 1754 321 cognitionem
1792 260 1913 307 hau-

234 334 359 380 sisse
397 332 449 378 in
486 331 796 380 Fleckeiseni
835 335 886 380 et
922 332 1071 380 Masii
1109 333 1271 380 annal.
1301 333 1440 381 1874
1481 333 1532 380 II
1571 349 1617 394 p.
1655 334 1758 381 134
1798 332 1915 381 dixi.

309 475 394 542 Rp
471 474 810 527 Parisinus
833 493 884 527 n.
913 474 1117 526 8121A
1142 472 1295 543 (olim
1321 473 1665 528 Colbertinus
1683 475 1915 527 3352=

232 563 360 632 Reg.
398 563 591 615 10210.
616 560 672 631 3)
715 563 977 631 scriptum
1017 580 1138 614 eum
1179 580 1295 614 esse
1335 581 1375 614 s,
1399 563 1449 614 X
1490 582 1554 615 ex
1590 561 1631 616 C
1671 563 1717 615 B
1756 562 1915 615 Hasii

233 652 316 703 uel
356 652 520 703 etiam
558 651 601 704 F
640 650 906 703 Hauthali
944 650 1256 704 testimonio
1296 652 1427 704 dicit
1463 651 1712 719 Orellius,
1752 670 1792 704 s,
1833 650 1912 702 XI

230 739 603 792 Klinkhameri
630 739 848 807 amicuS‚
875 758 914 791 s.
932 738 1041 791 XII
1064 738 1308 791 Merilius
1342 737 1604 811 (Origines
1626 742 1696 792 du
1721 739 1914 792 thc'dtre

229 829 464 881 moderna
506 846 562 895 p.
611 831 680 879 14
731 844 783 880 n.
822 832 875 896 1,
918 845 974 894 p.
1014 829 1079 880 15
1127 845 1178 880 rc.
1225 825 1286 898 2)
1344 829 1485 897 quod
1535 829 1714 881 uerius
1766 830 1914 896 puto,

229 916 458 969 Formae
505 918 588 967 est
636 916 843 967 mediae
883 918 1044 984 atque
1084 917 1324 969 continet
1362 920 1577 984 praeter
1617 916 1911 979 Querolum

228 1007 483 1073 poemata
522 1005 786 1072 quaedam
824 1004 997 1057 latina
1035 1003 1210 1057 medio
1251 1023 1383 1058 aeuo
1425 1005 1739 1074 composita.

378 1139 509 1189 Olim
547 1140 643 1188 fuit
666 1141 799 1188 Petri
821 1141 1004 1189 Pithoez·
1042 1134 1116 1206 (id
1148 1141 1279 1203 quod
1302 1141 1718 1190 Klinkhamerum
1754 1143 1913 1206 fugit3

226 1215 383 1276 ipsius
432 1214 705 1262 PDanielis
751 1214 906 1262 fuisse
959 1215 1198 1262 Delislius
1254 1231 1283 1262 a
1336 1215 1674 1264 WFoerstero
1730 1216 1913 1265 Vindo-

227 1288 437 1336 bonensi
487 1288 829 1350 interrogatus
885 1289 1190 1336 adfirmauit:
1247 1304 1345 1350 qua
1396 1289 1456 1336 de
1506 1305 1561 1336 re
1610 1289 1771 1337 habeo
1825 1305 1914 1337 cur

228 1361 465 1409 dubitem.
521 1361 688 1423 Atque
719 1362 826 1423 ipse
858 1362 1039 1409 Daniel
1078 1363 1183 1410 siue
1224 1363 1286 1409 ab
1318 1362 1529 1413 Pithoeo
1571 1363 1676 1411 siue
1709 1362 1771 1409 ab
1801 1364 1911 1424 ipso

229 1436 455 1482 enotatas
497 1435 601 1483 eius
641 1435 758 1482 libri
796 1435 1033 1484 lectiones
1073 1436 1126 1482 in
1163 1435 1476 1498 marginibus
1509 1437 1628 1483 libri
1666 1436 1751 1498 qui
1781 1452 1912 1485 nunc

228 1511 304 1556 est
343 1508 600 1556 Leidensis
653 1508 846 1556 addidit
901 1503 956 1573 (a
994 1509 1174 1557 Vossio
1227 1525 1354 1571 quae
1405 1512 1514 1557 erat
1562 1509 1911 1558 Klinkhameri

227 1582 392 1643 opinio
431 1598 531 1629 non
571 1585 686 1630 sunt
725 1576 1052 1649 adscriptae):
1093 1583 1225 1645 quod
1254 1583 1444 1630 factum
1477 1584 1581 1631 sine
1614 1584 1764 1631 dubio
1795 1587 1914 1645 post

226 1656 509 1703 absolutam
555 1656 836 1704 editionem.
913 1657 1036 1704 Post
1081 1657 1132 1704 id
1178 1658 1377 1718 tempus
1415 1657 1580 1705 nescio
1620 1657 1730 1718 quis
1771 1650 1911 1722 (nam

225 1729 494 1791 Bongarsii
532 1745 755 1791 manum,
808 1745 838 1776 a
877 1746 972 1791 quo
1029 1730 1241 1790 scriptas
1289 1730 1633 1777 arbitrabatur
1674 1729 1910 1794 Orellius,

223 1818 323 1850 non
369 1803 596 1864 agnoscit
639 1796 962 1867 HHagenus)
1010 1819 1068 1850 ex
1113 1803 1223 1864 ipso
1278 1803 1442 1851 codice
1496 1799 1603 1869 L*)
1657 1805 1709 1850 in
1748 1820 1908 1852 exem-

225 1876 337 1937 plar
387 1876 706 1924 Danielinum
755 1877 886 1938 quod
932 1876 1126 1925 Bernae
1179 1879 1410 1924 seruatur
1463 1877 1726 1925 transtulit
1776 1878 1909 1926 unde

229 1949 495 2010 descripsit
535 1948 750 1997 Orellius
789 1966 836 2010 p.
876 1949 1085 1996 LXXVI
1125 1965 1229 2012 sqq.

373 2023 448 2069 Ex
486 2023 594 2084 ipso
634 2023 799 2070 codice
837 2023 1006 2071 uarias
1046 2024 1284 2072 lectiones
1308 2023 1655 2071 Klinkhameri
1686 2025 1738 2071 in
1759 2040 1908 2073 usum

226 2096 413 2143 amicus
466 2097 669 2158 quidam
720 2097 985 2159 excerpsit,
1041 2113 1098 2145 ex
1149 2097 1287 2145 cuius
1328 2097 1543 2145 editione
1582 2113 1741 2159 pauca
1780 2113 1908 2160 quae

227 2169 541 2217 dubitatione
589 2170 826 2217 carebant
873 2170 1042 2218 addito
1087 2172 1131 2218 R
1170 2171 1305 2233 dedi,
1351 2188 1383 2232 p
1423 2172 1595 2219 littera
1634 2186 1760 2232 quae
1798 2172 1909 2233 ipse

226 2259 284 2290 ex
323 2243 363 2290 L
406 2244 605 2291 enotavi
645 2243 1003 2305 significantur.

341 2382 382 2438 *)
414 2383 483 2426 ita
511 2385 695 2427 tantum
726 2384 826 2427 fieri
855 2383 1022 2440 potuit,
1054 2387 1107 2427 ut
1137 2385 1276 2429 homo
1308 2384 1388 2428 ille
1413 2384 1494 2428 ubi
1515 2384 1646 2428 nulla
1669 2385 1908 2442 adscripta

223 2443 294 2484 est
324 2441 372 2484 in
404 2442 438 2484 L
471 2442 578 2485 libri
608 2442 855 2486 Pithoeani
886 2442 1159 2498 differentia,
1192 2443 1258 2487 ibi
1283 2443 1541 2487 consentire
1567 2443 1766 2487 alterum
1798 2458 1904 2488 cum

224 2499 370 2543 altero
409 2502 536 2544 ratus
574 2501 848 2545 Leidensem
886 2501 1164 2558 scripturam
1201 2517 1285 2559 pro
1325 2502 1584 2545 Pithoeana
1620 2502 1906 2547 uenditaret:

223 2558 355 2601 uelut
383 2574 428 2614 p.
461 2564 532 2614 24,
567 2565 621 2603 17
661 2560 741 2604 ubi
769 2573 990 2616 perourro
1021 2575 1104 2617 pro
1134 2574 1353 2617 percurro
1384 2560 1569 2604 uidetur
1601 2561 1824 2617 scriptum
1855 2562 1906 2604 in

221 2616 272 2670 L,
296 2630 521 2672 percurro
553 2631 608 2661 ex
639 2619 896 2663 Pithoeano
928 2633 1111 2675 quoque
1142 2619 1352 2676 protulit.
1405 2618 1616 2662 Eundem
1648 2621 1805 2663 autem
1835 2634 1904 2663 er·

222 2688 374 2718 rorem
405 2690 498 2719 non
530 2677 672 2720 semel
703 2677 1065 2722 Klinkhamerus
1097 2691 1279 2734 quoque
1311 2677 1510 2721 admisit.
1559 2678 1639 2733 qui
1670 2692 1774 2722 cum
1806 2680 1910 2723 sine

222 2733 362 2778 dubio
406 2734 602 2777 eandem
639 2735 866 2779 rationem
911 2737 959 2780 in
1003 2737 1365 2781 transcribendis
1418 2736 1616 2779 Parisini
1668 2737 1776 2780 libri
1829 2751 1904 2781 ex-

225 2792 393 2848 cerptis
420 2795 603 2836 secutus
628 2794 701 2847 sit,
733 2809 826 2838 non
851 2795 1008 2839 omnia
1031 2809 1149 2851 quae
1172 2795 1280 2840 inde
1303 2795 1513 2851 protulit,
1546 2809 1633 2852 ego
1658 2795 1907 2852 descripsi:

223 2850 405 2894 accedit
434 2851 558 2906 quod
581 2852 788 2908 Philippi
811 2853 945 2897 Parei
977 2856 1025 2898 et
1055 2855 1161 2899 libri
1185 2853 1383 2898 Parisini
1415 2854 1534 2910 sigla
1564 2854 1700 2907 (Par.
1729 2855 1910 2910 Paris.)

221 2923 313 2952 non
347 2909 459 2952 satis
492 2909 740 2966 diligenter
772 2912 830 2955 ab
862 2912 945 2956 illo
978 2912 1180 2957 discreta
1209 2912 1441 2956 uidebam.
