2032 3202
703 132 1090 176 ...XXXI-...-

55 275 149 308 nae
187 259 339 308 huius
377 259 557 307 Rutilii
594 261 685 320 est,
726 257 858 320 quod
889 257 935 305 ei
960 256 1278 307 Comoediam
1317 262 1490 307 auctor
1529 259 1739 322 dedicat,

55 333 195 382 cuius
234 332 455 394 auspicio
494 334 683 395 egerat,
724 331 953 394 quodque
985 331 1092 379 eius
1130 332 1184 379 in
1222 347 1274 379 se
1313 332 1553 380 beneficia
1590 335 1643 381 et
1663 333 1737 381 fa-

54 421 228 456 uorem
263 405 537 468 praedicat,
577 421 673 467 quo
715 404 811 453 sibi
845 405 1130 453 honoratam
1152 406 1333 454 dederit
1354 408 1568 465 quietem,
1593 420 1740 466 quam

57 480 248 527 dicaret
285 480 499 539 ludicri-3,
539 479 632 527 hoc
655 481 734 527 est
758 478 917 526 otium
939 479 1257 540 praestiterit
1281 480 1376 527 sibi
1401 494 1512 527 cum
1550 480 1737 528 honore

55 553 394 616 coniunctum,
450 552 582 615 quod
627 552 938 614 impenderet
984 552 1258 601 scribendis
1306 555 1358 601 et
1397 552 1629 601 docendis
1667 553 1739 600 fa-

54 626 202 675 bulis⁴
276 625 412 674 Elud
450 626 603 674 ctiam
640 626 830 674 Rutilio
870 626 918 672 N
918 627 1174 674 umatiano
1214 626 1423 688 dignum
1461 629 1554 689 cst,
1609 626 1740 688 quod

54 700 229 748 auctor
282 715 336 748 se
387 701 644 748 materiam
694 699 894 747 fabulae
949 715 975 746 e
1029 714 1241 748 sermone
1280 703 1380 749 eius
1409 701 1738 763 philosophico

0 767 6 809 ἱ
55 773 275 822 affirmat
328 773 580 821 sumsisse.
663 773 795 822 Nam
847 773 1094 821 Rutilium
1146 774 1500 836 Philosophiae
1555 773 1738 822 studiis

0 837 18 902 ὲ
55 847 285 909 omnique
331 847 600 896 eruditioni
652 861 965 908 summopere
1011 847 1235 895 deditum
1276 848 1434 897 fuisse
1478 847 1624 897 facile
1675 862 1737 896 ex

54 921 162 970 eius
213 920 479 969 Itinerario
533 921 857 983 intelligitur,
919 920 1007 968 ubi
1061 936 1312 970 sermones
1366 922 1737 984 philosophicos

4 990 14 995 ’
54 995 190 1042 haud
226 1010 342 1043 raro
379 995 659 1057 interserit,
707 997 759 1042 et
803 994 888 1041 uix
935 995 1226 1057 cuiusquam
1264 996 1340 1043 rei
1376 996 1460 1043 uel
1497 995 1621 1044 facti
1655 996 1739 1043 uel

55 1068 152 1116 loci
190 1067 437 1134 meminit,
487 1068 608 1130 quin
647 1083 798 1130 super
834 1067 897 1116 iis
937 1067 1081 1116 docte
1120 1071 1171 1116 et
1209 1070 1463 1130 sapienter
1501 1069 1739 1131 disputet.

54 1142 223 1203 Atque
263 1157 322 1189 ex
361 1142 672 1190 sermonibus
710 1141 890 1189 Rutilii
926 1142 1286 1204 philosophicis
1326 1144 1582 1191 auctorem
1613 1141 1738 1199 Que-

53 1215 151 1263 roli
189 1215 457 1263 obseruaui
493 1215 759 1264 nonnullas
798 1215 951 1263 etiam
992 1216 1265 1264 sententias
1304 1231 1572 1278 usurpare,
1612 1231 1735 1278 quas

53 1288 273 1336 Rutilius
323 1289 432 1351 ipso
482 1289 535 1336 in
584 1289 851 1337 Itinerario
902 1290 1189 1351 expromsit.
1265 1289 1439 1346 Qualis
1486 1293 1564 1338 est
1601 1291 1738 1338 locus

56 1361 168 1410 Act.
206 1361 298 1424 III,
339 1377 404 1411 sc.
448 1365 475 1410 1
521 1360 595 1424 [H
627 1364 658 1411 3
698 1379 745 1424 p.
786 1364 871 1424 32,
914 1360 1006 1424 13]
1049 1379 1146 1425 quo
1185 1363 1454 1426 Harpyias,
1494 1364 1541 1410 h.
1582 1379 1623 1411 e.
1662 1379 1739 1411 ra-

54 1450 203 1497 paces
241 1435 528 1484 Praefectos
579 1436 663 1483 uel
712 1435 1087 1483 Praefectorum
1136 1436 1416 1498 ministros,
1469 1437 1543 1484 ita
1590 1437 1738 1499 plane

57 1509 314 1571 describit,
364 1512 423 1557 ut
467 1509 710 1558 Rutilius:
764 1509 878 1558 Hae
916 1513 1055 1568 atque
1092 1510 1228 1564 illac,
1268 1510 1431 1572 inquit
1469 1513 1617 1558 totum
1646 1525 1740 1570 per

0 1622 8 1660 i
57 1583 217 1631 orbem
262 1585 400 1631 iuxta
446 1587 603 1631 terras
638 1583 923 1643 peruolartt:
976 1584 1148 1643 diqitos
1186 1584 1252 1631 ad
1279 1584 1523 1643 praedam
1561 1588 1742 1632 acuwnt

3 1660 5 1662 ’
56 1658 222 1704 curuis
260 1657 495 1704 timendas
526 1658 782 1716 nmquibuS,
821 1671 1096 1716 semperque
1117 1659 1294 1705 mensis
1318 1658 1576 1714 aduolare&
1615 1658 1740 1716 quod

0 1709 14 1790 3
56 1731 333 1789 cominyunt
376 1731 614 1790 referzmt,
661 1731 787 1789 quod
831 1731 1108 1789 relinquunt
1134 1731 1374 1790 polluunt
1451 1729 1531 1778 Sic
1570 1733 1740 1778 autem

0 1792 14 1909 Ξ
59 1802 279 1851 Rutilius
325 1806 369 1865 1,
411 1804 538 1852 609:

268 1914 512 1971 Harpyias
542 1929 738 1971 quarum
770 1914 1026 1970 decerpitur
1056 1915 1288 1971 unquibus
1318 1915 1454 1967 orbi-3,

326 1973 454 2028 Quae
475 1974 592 2029 pede
620 1974 837 2030 ylutineo,
868 1974 989 2029 quod
1018 1974 1211 2029 tetiyere,
1242 1974 1444 2016 trahunt.

4 2093 11 2103 ⁸
5 2096 174 2158 Non
210 2066 455 2144 minorem
493 2096 871 2146 similitudinem
908 2100 997 2146 aut
1014 2081 1352 2145 ‘imitationem
1378 2096 1740 2145 sententiarum

7 2171 19 2208 '¹
57 2170 236 2218 Rutilii
280 2169 475 2231 leperio
522 2169 633 2218 Act.
670 2170 744 2218 IV
791 2170 867 2219 Sc.
911 2174 936 2219 1
991 2168 1086 2232 [IV
1128 2172 1157 2217 2
1198 2187 1246 2232 p.
1285 2170 1372 2230 45,
1414 2168 1469 2231 2]
1518 2170 1605 2217 ubi
1650 2171 1738 2217 im-

8 2244 286 2305 ἱροεῐοτθε
334 2247 384 2291 et
429 2243 566 2290 fures
612 2244 906 2291 thesaurum
950 2244 1126 2291 fraude
1173 2245 1430 2304 repertum
1477 2246 1528 2291 et
1565 2258 1740 2291 rursus

6 2311 27 2451 3-

8 2456 21 2504 ἱ
61 2461 187 2511 Cum
225 2464 357 2511 enim
387 2480 478 2525 per
502 2465 796 2512 cucullorum
834 2466 1043 2525 teymina
1079 2463 1214 2511 haud
1251 2466 1439 2511 temere
1479 2463 1741 2511 monacho-

8 2507 25 2602 ξ’
62 2552 175 2584 rum
211 2537 297 2585 uel
335 2538 699 2586 cucullatorum
722 2539 890 2585 uestes
914 2537 1279 2599 intelligantur,
1317 2535 1518 2584 uidetur
1542 2537 1740 2585 omnino

11 2607 22 2678 3
60 2611 234 2659 auctor
271 2611 627 2659 monachorum
675 2611 752 2659 sui
790 2611 1031 2672 temporis
1071 2611 1356 2658 affectatam
1394 2610 1648 2658 miseriam
1687 2612 1738 2658 et

57 2316 310 2379 perditum
350 2317 634 2378 deplorant·
687 2316 871 2365 Sumite
909 2319 1176 2371 tristitiam,
1214 2318 1360 2364 miser
1364 2318 1379 2363 ἱ
1416 2317 1625 2371 sodaleS,
1665 2331 1741 2364 ea-

59 2391 293 2438 callorum
338 2392 572 2451 teymina:
616 2391 735 2450 plus
781 2394 850 2439 est
884 2391 971 2439 hoc
1007 2405 1154 2450 quam
1190 2391 1427 2438 hominem
1454 2391 1739 2450 perdidisse.

14 2675 342 2746 tristitiam,
387 2685 593 2746 perinde
639 2686 696 2732 ut
741 2684 959 2732 Rutilius
1006 2685 1092 2731 lib.
1136 2686 1180 2743 1,
1222 2685 1328 2732 443
1370 2684 1421 2731 et
1460 2684 1565 2731 518
1605 2683 1738 2745 fecit,

18 2763 22 2767 '
14 2748 223 2828 ridere
258 2757 404 2806 uelle.
457 2758 524 2807 Et
563 2758 836 2807 dictionum
858 2773 958 2806 non
981 2758 1192 2806 obscura
1216 2756 1490 2805 similitudo
1516 2759 1739 2818 apparet.

14 2796 27 2892 3
59 2830 271 2879 Miseros
314 2832 503 2880 sodales
548 2847 600 2879 se
647 2832 905 2894 appellant
953 2831 1051 2893 illi,
1100 2834 1159 2879 ut
1196 2831 1415 2879 Rutilius
1455 2829 1737 2891 monachos,

0 3053 41 3202 ’1,-

59 2903 113 2950 in
152 2903 469 2953 sodalitatem
508 2908 726 2968 coactos,
768 2921 859 2953 sua
896 2905 1204 2967 professione
1243 2907 1444 2954 miseros
1481 2918 1591 2952 esse
1628 2917 1740 2964 pro-
