2032 3202
866 136 1236 220 -37.-*

209 286 466 356 dispareS,
502 287 782 339 iuncturae
813 286 1073 353 inuersae,
1111 283 1278 337 mulio
1303 300 1402 336 nec
1435 301 1491 336 se
1515 301 1731 355 regens:
1769 285 1898 339 hinc

206 378 391 413 rursus
446 378 590 413 noua
642 360 701 412 in
754 359 946 411 itinere
1002 359 1173 427 culpa.
1258 357 1482 420 Quando
1530 362 1709 411 autem
1764 359 1899 413 alius

206 433 334 488 facit
370 434 494 502 iter,
539 433 814 502 paulisper
859 432 1121 501 patientia
1169 432 1347 484 totum
1386 431 1529 484 istud
1568 432 1818 485 emendat
1853 436 1902 486 et

206 526 372 560 mora.
446 506 523 559 At
561 509 750 559 contra
795 506 1055 568 Querolus
1107 523 1323 558 causam
1364 522 1428 556 ex
1474 523 1635 558 causa
1675 506 1898 575 quaerit,

206 580 353 634 aliud
402 598 466 632 ex
517 580 623 633 alio
677 581 828 650 ligat.
902 579 1111 632 Moneri
1170 579 1359 631 inutile
1416 583 1729 648 carpentum
1784 598 1898 634 non
1929 590 1956 632 5

204 655 325 707 uult
362 672 536 724 neque
560 654 760 706 animal
784 653 984 706 debile:
1033 654 1289 706 continuo
1314 653 1630 706 conclamat:
1690 653 1898 723 „Quare

205 728 350 780 istud
388 746 500 780 non
540 728 860 797 suggessisti
898 726 1127 796 prius?“
1189 727 1342 796 quasi
1392 726 1480 778 ille
1531 728 1678 795 prius
1718 728 1898 780 uidere

202 801 308 855 hoc
357 820 469 854 non
512 802 761 870 potuerit.
845 800 889 854 Ο
928 802 1114 869 iniqua
1163 800 1473 853 dominatiO.
1548 800 1672 869 Ipse
1721 804 1899 854 autem

206 876 252 928 si
292 876 503 943 culpam
535 875 781 928 fortassis
807 875 1053 943 aduertit,
1092 875 1397 927 dissimulat
1421 877 1474 926 et
1510 876 1654 927 tacet
1693 877 1747 927 et
1782 878 1900 928 tum

203 949 357 1002 litem
394 949 642 1017 intendit,
688 950 901 1018 quando
943 949 1214 1002 excusatio
1252 948 1403 1000 nulla
1439 948 1547 999 iam
1588 948 1785 1017 subest,
1831 967 1901 1001 ne

202 1026 393 1092 postea
446 1026 720 1075 succurrat
771 1023 927 1075 illud:
1002 1023 1139 1091 „iam
1177 1023 1427 1074 uolebam
1483 1022 1706 1091 facere“,
1760 1022 1900 1091 „iam

204 1096 452 1149 uolebam
492 1095 708 1149 dicere“.
755 1097 880 1165 iam,
920 1097 1168 1165 quotiens
1206 1096 1348 1148 ultro
1389 1096 1628 1164 citroque
1668 1096 1899 1149 extrudi·

203 1189 340 1238 mur,
393 1188 609 1239 necesse
650 1173 732 1222 est
770 1188 1006 1222 remeare
1062 1170 1128 1222 ad
1170 1170 1323 1222 diem.
1401 1167 1595 1238 Atque,
1633 1173 1694 1222 ut
1733 1187 1898 1240 agno·

204 1244 368 1296 scatis
413 1244 628 1312 penitus
656 1247 845 1297 artem
891 1243 1128 1296 hominis
1187 1243 1430 1312 pessimi,
1490 1261 1655 1295 unam
1694 1261 1902 1313 semper

203 1318 346 1370 ultra
383 1317 584 1370 iustum
623 1317 782 1370 nobis
829 1318 1057 1387 largitur
1096 1317 1262 1386 diem,
1306 1319 1369 1369 ut
1406 1316 1474 1369 ad
1511 1319 1900 1387 praescriptum

202 1394 548 1444 reuertamur.
609 1390 804 1445 Nonne
827 1391 932 1443 iste
969 1391 1172 1443 irarum
1211 1409 1400 1443 causas
1440 1391 1744 1459 quaeritat?
1781 1391 1897 1444 Nos

204 1467 383 1518 autem
423 1482 633 1533 semper
670 1465 922 1534 quicquid
964 1464 1113 1533 libet,
1153 1464 1298 1516 aliud
1331 1464 1436 1517 alio
1460 1463 1624 1517 fuerit
1645 1467 1900 1534 tempore,

202 1539 351 1591 illam
405 1539 563 1591 nobis
629 1539 934 1607 specialiter
983 1538 1122 1590 diem
1177 1538 1463 1590 tribuimus
1519 1556 1625 1606 qua
1678 1539 1901 1592 redituri

203 1630 408 1665 sumus:
447 1611 636 1681 Itaque
676 1612 939 1681 dominUS,
979 1613 1071 1680 qui
1107 1612 1225 1664 falli
1265 1629 1380 1665 sese
1419 1629 1532 1664 non
1570 1613 1681 1664 uolt
1728 1631 1902 1682 neque

203 1686 390 1755 decipi,
430 1704 589 1755 quem
626 1684 886 1739 Kalendis
936 1686 1069 1738 uelit
1118 1685 1319 1755 adesse,
1371 1685 1543 1738 redire
1589 1686 1741 1739 iubet
1793 1687 1901 1756 pri-

203 1759 301 1812 die.
362 1759 502 1812 Illud
527 1762 708 1811 autem
749 1760 904 1830 quale
943 1763 1040 1828 est,
1082 1759 1224 1828 quod
1246 1759 1602 1814 temulentum
1626 1763 1904 1813 execratur

203 1835 364 1916 atque
405 1833 654 1902 agnoscit
692 1851 859 1917 quam·
888 1833 1035 1886 cito‘?
1076 1833 1297 1886 modum
1329 1834 1749 1903 qualitatemque
1787 1834 1902 1886 uini

202 1907 260 1959 in
297 1907 449 1959 uoltu
489 1910 544 1958 et
582 1907 740 1959 labiis
778 1908 953 1976 primo
995 1909 1289 1976 conspectu
1321 1907 1470 1960 uidet
1497 1903 1632 1978 [falli
1674 1925 1729 1960 se
1754 1925 1901 1976 pror-

322 2141 344 2179 1
376 2137 592 2181 inuersae
632 2138 667 2192 (i
695 2138 750 2182 in
778 2142 888 2193 ras.)
920 2139 993 2192 ΡΙ
1023 2152 1110 2182 1166
1140 2138 1290 2181 mulas
1319 2152 1408 2183 nec
1439 2152 1487 2182 se
1523 2138 1723 2184 Orellius
1753 2139 1761 2195 Ι
1794 2139 1904 2184 111116

204 2193 275 2236 161
338 2205 492 2236 rorsus
523 2210 558 2237 ω
587 2193 696 2237 111116
726 2208 883 2238 rursus
913 2195 1110 2238 Klinkh.
1267 2200 1291 2237 2
1322 2195 1490 2238 itinere
1520 2197 1564 2250 (e
1594 2196 1647 2238 in
1675 2194 1785 2250 ras.)
1816 2195 1863 2238 P
1894 2197 1905 2253 Ι

206 2247 303 2291 aliu
367 2248 471 2292 fuit.
503 2250 565 2293 sit
594 2267 630 2293 ω
660 2250 714 2294 fit
741 2251 883 2314 uulyo
913 2250 1031 2294 alius
1061 2250 1176 2294 facit
1203 2250 1295 2293 iter
1323 2250 1520 2294 Klinkh.
1602 2289 1607 2294 .
1684 2258 1710 2295 3
1740 2252 1792 2295 et
1819 2264 1904 2297 om.

200 2321 238 2348 ω
268 2304 378 2349 add.
410 2305 604 2353 Klinkh
707 2306 909 2364 51111331,
931 2307 1129 2363 Canmy.
1161 2308 1167 2362 Ι
1194 2307 1375 2359 moueri
1395 2307 1470 2351 uel
1484 2319 1660 2351 nouare
1681 2306 1902 2356 Rittersh.

205 2407 230 2445 6
262 2402 579 2458 continuoque
612 2403 788 2448 clamat
817 2422 852 2448 ω
882 2405 1063 2449 correxi
1191 2410 1217 2449 8
1248 2404 1284 2448 O
1317 2405 1495 2462 iniqua]
1530 2404 1566 2448 Ο
1599 2420 1630 2460 q
1674 2419 1787 2450 seua
1830 2405 1902 2459 (in

201 2471 296 2503 ras.
329 2465 516 2514 excepta
553 2474 616 2503 ua
653 2461 851 2516 syllaba)
889 2460 931 2524 V
1071 2466 1096 2505 9
1126 2462 1243 2517 tum]
1276 2475 1382 2504 cum
1406 2474 1443 2516 p
1589 2466 1641 2506 10
1670 2461 1804 2505 litem
1834 2461 1901 2506 in·

203 2514 377 2572 tendit]
407 2515 522 2559 licet
549 2475 706 2560 tendit
732 2517 779 2560 P
814 2522 861 2560 11
895 2516 989 2560 iam
1019 2517 1238 2562 uolebam
1271 2517 1426 2561 dicere
1448 2529 1532 2562 om.
1565 2517 1612 2561 P
1670 2522 1724 2562 14
1754 2519 1904 2563 artem

214 2569 301 2615 VP
360 2603 370 2615 .
401 2607 413 2619 .
445 2610 455 2619 .
488 2586 563 2616 em
594 2572 637 2616 L
671 2578 966 2617 euanuerunt
989 2575 1170 2629 priora,
1203 2586 1255 2616 ar
1298 2574 1549 2628 adscripSit
1579 2587 1636 2617 m.
1667 2587 1700 2618 s.
1732 2574 1903 2628 XVII,

1086 2641 1112 2664 U

205 2667 288 2712 uel
316 2670 525 2715 mentem
556 2670 736 2735 Daniel
852 2675 904 2715 15
935 2671 1054 2729 largi
1042 2671 1127 2715 ter
1156 2672 1202 2715 P
1227 2674 1234 2726 Ι
1261 2685 1421 2715 causas
1450 2684 1533 2718 om
1565 2672 1611 2716 P
1679 2677 1731 2716 16
1761 2685 1902 2736 quae-

201 2723 267 2767 rit
293 2724 341 2767 P
464 2731 516 2769 17
547 2727 740 2783 quicqui
743 2727 813 2826 dg
822 2728 929 2783 quic
959 2686 1054 2771 ‘mg1
1039 2742 1131 2775 offas
1161 2730 1208 2773 P
1240 2728 1500 2784 (quidlibet
1532 2728 1608 2784 0²)
1677 2734 1728 2773 19
1759 2742 1902 2772 sunus

194 2779 368 2878 {guast
396 2797 432 2824 ω
489 2787 544 2827 20
566 2788 672 2838 post
691 2798 765 2840 pn
802 2797 845 2826 1e
881 2784 1052 2828 lacuna
1080 2798 1160 2829 seco
1181 2785 1444 2828 litterarum
1465 2788 1658 2829 eoetremo
1679 2786 1732 2828 in
1761 2797 1902 2829 uersu

359 2841 408 2880 21
444 2796 603 2893 quale
613 2839 1145 2893 o7n.P1tem61ent-um
1177 2841 1223 2894 (v
1248 2854 1324 2895 pr.
1353 2841 1432 2897 38.)
1462 2840 1533 2898 V}
1560 2841 1827 2884 exsecratur
1854 2841 1901 2885 P

206 2895 261 2935 23
291 2891 429 2936 uultu
461 2910 496 2938 ω
518 2899 569 2938 at
590 2908 617 2939 o
665 2909 721 2940 ex
750 2911 779 2938 u
805 2910 879 2951 pr.
914 2896 956 2939 L
982 2900 989 2953 Ι
1014 2910 1048 2943 s
1079 2896 1198 2940 Falli
1229 2922 1279 2928 —
1314 2897 1467 2940 solent
1496 2898 1682 2942 uncinis
1712 2896 1903 2941 inclusit

200 2947 501 3005 Klinkh.1se
530 2962 587 2995 ss.
619 2952 666 2994 P

1933 960 1990 1002 10

1933 1329 1988 1370 15

1933 1699 1991 1746 20
