2032 3202
917 113 1191 155 -Χ-

206 238 336 288 nata
377 237 430 286 et
468 233 626 285 index
662 234 927 286 librorum
965 233 1044 285 Js.
1077 233 1261 286 Vossii
1302 232 1577 286 confectus
1619 252 1650 285 a
1689 231 1894 288 Poolo-

208 321 466 393 mesio*))
500 322 722 374 membr.
765 340 804 373 s.
844 322 893 373 X
932 321 1044 374 foll.
1086 323 1171 374 24.

356 473 590 521 Continet
628 474 671 521 is
713 473 1030 520 Aululariam
1067 473 1101 520 f.
1131 476 1156 520 1
1202 474 1266 521 ad
1307 474 1417 533 23¹¹,
1457 473 1491 520 f.
1533 475 1622 520 24¹
1658 474 1730 521 nil
1769 474 1893 536 legi-

213 550 297 595 tur
342 549 543 608 praeter
590 547 712 594 haec
758 547 934 594 uerba:
1001 546 1311 595 AVLVLARIA
1366 547 1567 595 PLAVTI
1619 547 1895 595 mmmm

214 632 501 669 rumorum·
554 620 588 668 f.
615 622 713 668 24¹1
752 623 861 668 octo
903 620 1023 668 olim
1062 636 1238 669 uersus
1277 620 1546 682 perscripti
1586 624 1730 669 erant
1766 635 1895 668 nunc

212 710 390 741 rasura
441 695 613 756 deleti;
664 697 927 755 praeterea
976 695 1067 741 hac
1117 694 1305 756 pagina
1342 694 1531 756 legitur
1571 695 1897 756 alphabetum

210 769 438 815 runicum
477 767 607 830 quod
646 783 758 815 cum
788 783 888 815 non
912 768 1170 817 uideretur
1195 767 1386 815 editum
1410 768 1651 830 descripsi
1674 767 1727 814 in
1749 783 1897 815 usum

207 841 334 888 Julii
374 841 579 889 Zacheri
617 841 916 903 professoris
955 841 1206 889 Halensis.
1255 866 1323 874 —-
1372 841 1516 888 Hunc
1561 843 1728 903 ipsum
1767 841 1897 889 codi-

208 931 314 962 cem
351 915 507 963 fuisse
546 915 686 962 Petri
723 915 963 974 Danielis,
1014 931 1073 962 ex
1123 931 1218 976 quo
1269 915 1354 961 ille
1391 914 1617 962 fabulam
1655 915 1812 963 edidit
1852 929 1894 962 a.

212 990 375 1050 1564,
415 991 616 1050 praeter
654 989 953 1050 inscriptum
991 989 1335 1050 integumento
1379 987 1565 1050 Georgi
1602 988 1896 1036 Buchanani

210 1063 521 1124 epigramma
581 1065 729 1124 atque
788 1063 1093 1123 possessoris
1152 1078 1333 1110 nomen
1387 1062 1449 1108 ab
1504 1063 1613 1123 ipso
1668 1061 1892 1123 pluriens

210 1135 453 1197 scriptum
500 1128 657 1201 (quod
702 1152 764 1183 ne
806 1136 1031 1197 spurium
1068 1136 1302 1183 uideatur
1341 1136 1575 1197 prohibet
1615 1136 1893 1196 scripturae

207 1208 500 1257 Danielinae
556 1210 805 1271 specimen
851 1210 983 1271 quod
1030 1210 1252 1257 exhibuit
1307 1208 1343 1257 C
1387 1208 1430 1257 Gr
1468 1210 1680 1256 Mueller
1726 1209 1780 1255 in
1817 1209 1888 1255 in-

209 1282 316 1330 dice
358 1284 641 1331 scholarum
663 1283 993 1331 Bernensium
1032 1299 1074 1330 a.
1105 1285 1241 1331 1841
1271 1283 1373 1330 tab.
1395 1277 1516 1348 VII)
1557 1283 1680 1330 satis
1723 1297 1893 1343 super-

209 1372 304 1417 que
342 1358 561 1404 testatur
600 1372 868 1405 consensus
908 1357 1026 1404 libri
1051 1373 1162 1404 cum
1187 1356 1403 1404 editione
1428 1357 1651 1417 principe
1674 1356 1728 1403 in
1750 1355 1891 1403 uitiis

208 1430 509 1490 quibusdam
547 1430 896 1478 minutissimis
950 1446 1075 1492 quae
1126 1430 1323 1477 librarii
1374 1430 1619 1477 debentur
1657 1429 1892 1476 incuriae.

206 1502 325 1551 Fuit
363 1504 521 1565 igitur
561 1506 709 1551 antea
746 1504 1078 1551 bibliothecae
1117 1503 1166 1551 S.
1190 1504 1440 1551 Benedicti
1463 1504 1798 1552 Floriacensis
1830 1502 1893 1549 ad

207 1576 443 1639 Ligerem
479 1577 609 1624 unde
643 1593 740 1639 qua
763 1577 957 1625 ratione
981 1578 1033 1624 in
1057 1578 1280 1625 Danielis
1304 1577 1672 1639 possessionem
1694 1576 1891 1623 uenerit

206 1650 446 1712 Hagenus
486 1651 537 1698 ll.
564 1668 611 1712 p.
639 1653 667 1699 6
697 1667 802 1713 sqq.
841 1651 1023 1699 docuit.
1088 1650 1194 1708 Quo
1233 1653 1458 1711 tempore
1496 1651 1715 1712 primum
1752 1649 1889 1711 typis

209 1724 576 1772 describeretur
614 1725 800 1786 fabula,
840 1725 1060 1772 nondum
1098 1724 1335 1772 lectiones
1376 1725 1489 1771 libri
1518 1724 1769 1771 Pitlzoeam‘
1807 1715 1891 1788 (de

209 1798 390 1858 quibus
430 1791 585 1864 infra)
627 1799 799 1846 allitae
837 1798 1062 1860 fuerunt3
1101 1814 1218 1845 nam
1243 1797 1302 1844 de
1329 1797 1398 1844 eis
1440 1797 1600 1844 altum
1639 1797 1895 1845 silentium

209 1871 262 1917 in
301 1871 507 1919 editoris
546 1872 694 1933 notis,
735 1888 847 1919 cum
886 1872 1100 1919 aliorum
1139 1871 1477 1919 subsidiorum
1515 1871 1594 1918 hic
1632 1871 1735 1918 illic
1759 1885 1892 1917 men-

210 1945 399 1992 tionem
435 1945 602 1992 faciat.
653 1971 724 1978 ——
774 1945 1060 2007 Diligenter
1105 1945 1291 1992 librum
1329 1947 1443 2006 post
1483 1944 1745 1991 Danielem
1783 1959 1893 1991 con-

209 2019 329 2065 tulit
377 2017 767 2066 Klinkhamerus
823 2034 1125 2081 quamquam
1173 2034 1272 2066 non
1327 2018 1449 2065 satis
1507 2017 1894 2079 conpendiorum

211 2107 399 2152 gnarus
438 2108 537 2140 non
585 2093 738 2139 semel
777 2093 981 2140 errauit.
1059 2093 1234 2140 Denuo
1275 2093 1382 2153 ipse
1423 2092 1610 2139 contuli
1649 2107 1692 2139 a.
1737 2092 1892 2138 1871.

356 2239 411 2286 Β.
489 2239 787 2300 Interpolati
818 2232 1159 2287 *multifariam
1200 2243 1315 2287 sunt
1353 2240 1445 2286 PR
1486 2237 1562 2299 (p)

283 2381 326 2432 P
450 2381 792 2434 Palatinus
840 2382 985 2434 inter
1024 2382 1325 2436 Vaticanae
1367 2381 1574 2434 codices
1615 2379 1897 2431 Palatinos

214 2474 460 2521 seruatur
505 2488 727 2522 numero
773 2470 914 2523 1615
962 2470 1251 2539 inscriptus
1298 2470 1519 2522 membr.
1570 2486 1608 2520 s,
1647 2466 1783 2519 XIII
1828 2467 1898 2518 in.

215 2556 422 2609 formae
476 2559 739 2628 oblongae
790 2558 1044 2611 bifariam
1099 2558 1288 2610 diuisis
1343 2556 1572 2627 paginis,
1664 2555 1896 2623 scriptus

215 2647 395 2696 autem
436 2646 648 2697 uidetur
687 2647 743 2699 in
784 2645 1086 2699 Germania.
1156 2647 1238 2699 De
1278 2663 1339 2698 eo
1382 2645 1502 2715 guid.
1541 2643 1615 2696 Fr
1653 2642 1899 2696 Ritsche-

361 2819 400 2874 ³²)
442 2819 575 2862 Pauli
616 2819 862 2864 Colomesii
910 2834 1050 2876 opera
1098 2820 1168 2863 ed.
1208 2818 1445 2862 Fabricius
1493 2817 1751 2873 Hamburgi
1786 2821 1897 2861 1709

216 2908 259 2948 p.
293 2895 391 2937 875.
