2032 3202
1919 27 1925 30 ’
1995 0 2032 143 1

989 153 1351 199 -xxx-
1899 142 2032 208 ,ἐ

2017 209 2032 243 'i

480 279 844 342 Fulgentius
895 279 1235 342 Myth01.111
1282 281 1313 327 8
1368 295 1414 340 p.
1466 280 1569 328 725
1618 278 1690 328 St.
1772 280 1906 328 Nam
1958 277 2032 331 313ΙΙ

335 354 577 401 Sutrius
639 352 1007 400 comoediarum
1060 353 1276 415 scriptor
1325 352 1600 401 introducit
1655 347 2032 429 Glycerium*)

331 426 643 474 meretricem
682 426 949 474 dicentem:
987 427 1292 486 myrrhinum
1327 426 1447 474 ‘mihi
1477 427 1629 489 affert,
1669 441 1760 486 quo
1782 421 2032 477 ufir-ibim

332 501 483 548 armis
521 513 760 547 occursem
796 500 1095 558 fortiuscula.
2027 511 2032 565 ’ἑ

478 573 689 635 „Extitit
734 572 933 634 quidem
979 571 1135 620 Sutrii
1179 573 1388 621 alicuius
1427 573 1707 622 Piscatoria
1751 572 2032 626 comoedia}

331 611 590 708 quaedam,
630 661 779 707 quam
816 647 1086 706 usurparet
1107 645 1427 708 Fulgentius:
1466 662 1566 694 non
1603 646 1703 694 fuit
1742 650 1912 712 autem
1949 627 2032 696 33·Ι

330 720 523 780 priscae
562 719 759 781 aetatis,
796 734 974 766 uerum
1010 718 1162 766 medii
1199 719 1347 767 aeui.
1373 720 1632 768 ,eiusdem
1663 719 1769 768 fere
1809 708 2032 783 generis¹

330 796 479 854 atque
519 791 777 848 Querolus.
782 788 809 812 “
883 792 1187 840 Ritschelius
1233 792 1438 855 Parerg.
1484 810 1530 855 p.
1582 795 1664 842 29.
1742 793 2032 858 „Lerschio--i

329 866 474 928 Fulg.
513 882 560 927 p.
603 867 669 913 68
719 864 917 913 Sutrius
962 881 1144 914 nomen
1190 881 1216 913 e
1264 864 1474 914 Casinae
1520 866 1599 914 III
1640 869 1798 930 1,1O
1837 867 2032 915 fictum]

1319 935 1346 960 ιι

328 940 549 987 31(131331;
591 938 722 1001 quod
759 954 859 987 non
897 941 975 986 est
1011 939 1315 987 incredibile.
1398 939 1538 987 Idem
1575 939 1694 988 ibid.
1726 957 1774 1002 p.
1801 942 1867 989 29
1895 939 2032 1026 3(111;3

632 1167 708 1211 VI.
771 1167 858 1210 DE
898 1166 1219 1212 AVCTORE
1258 1167 1707 1212 AVLVLARIAE

567 1269 629 1299 cx
659 1255 1034 1300 Wernsdorfii
1064 1256 1358 1300 Prooemio
1399 1270 1428 1300 a
1472 1271 1516 1313 p.
1550 1260 1576 1300 5
1610 1257 1670 1300 ad
1704 1262 1771 1300 11.

477 1380 658 1428 Petrus
697 1380 878 1428 Daniel
915 1382 967 1428 et
1006 1379 1149 1428 Conr.
1173 1379 1543 1428 Rittershusius
1579 1379 1858 1437 Theodosii,
1883 1377 2032 1446 tem-ff

327 1453 533 1515 poribus
581 1456 670 1501 aut
715 1454 953 1515 proximis
994 1453 1233 1515 scriptam
1272 1469 1381 1502 esse
1421 1452 1691 1510 Querolum
1731 1453 1908 1503 duabis
1946 1453 2032 1520 dog

330 1527 517 1575 caussis
564 1527 799 1574 arbitrati
844 1530 981 1575 sunt:
1035 1527 1254 1588 primum
1293 1526 1423 1589 quod
1462 1527 1635 1576 stilum
1674 1527 2032 1581 Theodosia-niz*-

331 1601 516 1648 saeculi
552 1600 766 1648 maxime
804 1600 1018 1663 redolet,
1058 1600 1234 1649 deinde
1258 1600 1392 1662 quod
1416 1602 1480 1650 ad
1502 1601 1744 1651 Rutilium
1765 1593 2032 1662 inscriptaj'}

330 1677 430 1735 est,
479 1674 520 1721 si
565 1674 710 1721 modo
757 1674 799 1722 is
849 1674 914 1721 sit
951 1674 1171 1722 Rutilius
1209 1674 1464 1724 Itinerarii
1502 1675 1675 1722 auctor
1702 1689 1862 1735 ‘quem
1901 1678 2032 1739 saeff'

330 1747 439 1795 culo
479 1746 747 1795 Theodosii
790 1747 947 1796 fuisse
993 1750 1204 1796 constat.
1279 1747 1416 1795 Haec
1462 1762 1765 1809 quamquam
1807 1747 2032 1808 tantumf}

329 1836 418 1881 per
457 1820 794 1868 coniecturam
830 1820 1084 1882 dicuntur,
1121 1833 1358 1882 magnam
1393 1822 1565 1868 tamen
1600 1819 2026 1881 probabilitatem?

330 1894 517 1940 habent
555 1895 606 1940 et
642 1893 789 1940 facile
828 1893 1174 1942 accedentibus
1206 1893 1318 1941 aliis
1342 1893 1621 1941 rationibus
1647 1909 1673 1940 e
1697 1893 2032 1955 praefatione·

331 1965 532 2022 Queroli
570 1966 731 2014 ductis
768 1965 935 2014 fulciri
971 1969 1198 2028 possunt,
1237 1982 1359 2029 quas
1398 1967 1506 2028 ipse
1546 1967 1735 2014 dudum
1773 1966 1870 2014 alio
1897 1967 2032 2035 1⁰0⁰÷

330 2039 494 2102 attigi,
534 2054 646 2087 cum
684 2039 744 2087 de
767 2040 946 2087 Rutilii
982 2040 1091 2088 uita
1123 2042 1173 2088 et
1196 2040 1469 2088 honoribus
1495 2055 1699 2102 agerem
1739 2037 2032 2110 [Το111017,με

329 2112 467 2161 Poet.
514 2113 632 2160 Min.
686 2128 802 2176 pag.
853 2112 960 2175 14].
1035 2114 1228 2175 Nempe
1281 2114 1549 2176 Rutilium,
1603 2114 1683 2161 cui
1737 2112 2031 2170 0331013111Η

329 2186 525 2234 dedicat
563 2189 750 2249 auctor,
789 2188 841 2235 in
877 2186 974 2234 fine
1013 2187 1339 2248 praefationis
1374 2187 1547 2236 Virwm
1583 2187 1837 2235 Rbustrem
1874 2186 2029 2250 salu-j*

327 2262 427 2321 tat,
493 2276 588 2322 quo
641 2261 791 2308 titulo
844 2261 897 2308 in
949 2260 1122 2322 primis
1178 2261 1431 2323 designari
1485 2260 1828 2308 Theodosiano
1880 2274 2012 2308 acuo*

328 2333 616 2381 Praefectus
656 2334 782 2381 Vrbi
821 2337 871 2382 et
909 2334 1153 2396 Magister
1192 2333 1467 2382 officiorum
1507 2334 1713 2395 solebat,
1754 2348 1877 2394 quos
1916 2333 2010 2381 110--

328 2421 474 2454 110138
526 2422 555 2454 3
607 2422 658 2454 83
708 2410 879 2469 gestos
935 2408 1155 2456 Rutilius
1203 2408 1256 2456 in
1293 2407 1558 2456 Itinerario
1607 2406 1836 2468 pluribus
1881 2406 2011 2455 locis-

327 2479 526 2527 indicat.
594 2479 675 2527 Ad
698 2480 945 2529 Praefecti
970 2481 1119 2529 Vrbis
1160 2481 1379 2529 officium
1414 2480 1677 2543 praecipue
1716 2479 2009 2540 pertinebat

330 2553 724 2613 spectaculorum
755 2557 806 2601 et
831 2554 1146 2603 theatrorum
1169 2570 1301 2617 cura,
1326 2571 1386 2602 ex
1405 2554 1565 2616 iisque
1588 2552 1808 2600 Rutilius
1834 2552 2002 2614 singu-

327 2625 485 2673 larem
531 2642 582 2674 se
628 2627 942 2689 uoluptatem
980 2643 1177 2691 capere,
1224 2629 1384 2677 colere
1429 2629 1604 2689 poetas
1644 2626 1722 2674 sui
1759 2625 2004 2687 temporis

329 2701 380 2746 et
429 2700 729 2748 carminibus
780 2701 1017 2749 delectari
1066 2702 1201 2750 haud
1239 2717 1337 2750 uno
1375 2701 1483 2749 loco
1524 2699 1786 2763 significat.
1864 2696 2003 2760 [Vid'.

326 2771 440 2820 Itin.
478 2773 563 2820 lib.
608 2776 652 2834 1,
695 2776 795 2822 201
840 2790 940 2836 seq.
983 2776 1102 2823 267.
1145 2773 1289 2836 603]
1366 2773 1580 2822 Proinde
1619 2776 1794 2835 aptum
1830 2777 2002 2834 perso*

417 2908 488 2985 ·*)
521 2929 764 2989 Glyconem
795 2933 1075 2978 Stauerenus
1107 2934 1193 2991 ed.,
1226 2948 1340 2979 corr.
1374 2931 1671 2977 Bitschelius.
