2032 3202
920 142 1309 187 —XVIII—

423 270 504 329 12,
549 269 612 315 13
654 266 1004 328 Insipientium
1025 292 1086 299 —
1108 266 1389 329 collegium.

425 343 506 402 12,
548 342 764 388 22-25
806 339 1417 389 Nemini—dissentimus
1457 333 1694 406 (Querole
1732 354 1822 388 om.
1859 339 1952 388 RV

276 416 343 463 23
389 417 466 461 est
505 428 594 462 om.
634 414 680 459 V
754 429 927 475 parem
963 414 1095 462 ferre
1133 429 1233 462 non
1268 414 1463 475 patiens
1502 413 1595 460 RV
1687 415 1756 462 24
1797 429 1833 462 s.
1874 413 1954 463 (16-

274 488 506 549 spicimus
526 513 594 519 -
610 487 890 535 inuidemus
908 513 980 520 -
997 487 1317 535 dissentimus
1355 480 1470 552 RV)

424 562 506 622 19,
550 562 616 607 14
650 576 687 608 s.
727 559 902 617 Quidsi
939 560 1105 608 nescio
1146 561 1257 622 quis
1295 560 1381 607 ille
1420 563 1499 613 est
1538 560 1665 608 alius
1706 561 1838 608 enim
1876 563 1955 608 est

271 635 322 681 in
362 634 531 681 corde:
573 634 700 681 alius
739 634 791 680 in
829 634 977 681 uultu

422 709 504 769 22,
547 708 725 755 9-14
764 707 980 754 Multum
1018 707 1180 768 inquit
1219 706 1452 755 adulator
1491 723 1599 755 sese
1639 699 1952 773 (adulatores

275 796 326 828 se
365 775 434 845 V)
474 780 630 842 aliqui
666 781 909 828 laudant.
943 781 1027 842 qui
1066 773 1177 845 (qui
1215 795 1304 828 om.
1342 774 1413 845 V)
1454 781 1535 828 uel
1571 780 1777 842 fugaces
1814 780 1950 828 feras

273 855 354 901 uel
401 869 656 916 pugnaces
702 853 894 902 bestias
941 856 1029 902 aut
1051 879 1124 887 --
1147 854 1371 901 maxime.
1450 849 1550 918 (13
1591 853 1658 901 Et
1697 869 1820 916 quos
1858 852 1952 900 RV

272 930 504 989 potentes
545 930 595 975 et
634 927 815 975 diuites
854 923 969 992 RV)

428 1002 513 1062 59,
556 1004 583 1049 7
628 1001 751 1048 Tres
793 1000 884 1059 (sic
920 993 1035 1064 RV)
1062 1026 1126 1033 —-
1155 1001 1289 1061 capit

426 1076 514 1136 40,
557 1076 668 1122 6-
681 1076 709 1122 9
774 1074 848 1121 Ve
899 1074 1032 1135 apud
1083 1089 1206 1136 quos
1258 1066 1342 1138 (qz
1389 1075 1422 1120 i.
1461 1075 1576 1132 quia
1622 1073 1755 1135 apud
1794 1088 1846 1121 se
1884 1023 1957 1139 V)

283 1147 470 1195 domini
511 1141 671 1212 (deUm
712 1147 899 1195 domini
934 1141 1002 1211 R)
1040 1147 1242 1209 uigilias
1266 1172 1338 1178 —
1363 1146 1522 1194 seruis
1562 1146 1622 1194 de
1661 1147 1769 1194 uita
1807 1161 1958 1208 quan-

274 1224 383 1269 tum
422 1221 482 1268 de
520 1223 663 1268 nocte
704 1221 938 1268 auferunt

432 1296 515 1356 13,
557 1295 698 1342 3-5
742 1293 1029 1342 Conuentus
1070 1297 1120 1341 et
1159 1293 1546 1341 debachationes
1579 1286 1957 1358 (delectationes

275 1360 344 1432 V)
384 1369 434 1415 et
471 1367 580 1415 ioca
616 1367 801 1415 friuola
838 1383 938 1415 non
969 1383 1122 1429 quero
1154 1369 1212 1414 ut
1243 1381 1463 1414 amorem
1500 1367 1701 1428 pariant
1739 1359 1858 1431 (que
1897 1369 1954 1415 ut

281 1455 324 1487 a.
363 1455 463 1488 non
499 1440 703 1502 pariunt
741 1435 810 1505 V)
850 1441 1058 1488 Vtinam
1095 1440 1248 1487 nichil
1286 1439 1514 1487 odiorum
1553 1440 1730 1488 darent

430 1515 512 1575 13,
556 1514 770 1562 15-19
820 1514 1073 1562 Patientia
1112 1513 1157 1560 d.
1183 1529 1226 1560 a.
1253 1527 1290 1560 6.
1332 1513 1620 1575 assignatur
1660 1551 1670 1561 .
1711 1514 1781 1561 sic
1819 1528 1957 1561 euer-

275 1590 452 1635 tuntur
498 1588 684 1635 omnia:
738 1602 883 1635 nemo
913 1614 975 1620 —
1004 1587 1207 1649 querole
1247 1611 1263 1634 .-
1299 1578 1391 1653 (18
1434 1590 1638 1635 econtra
1676 1586 1722 1633 V
1797 1587 1955 1648 negli-

278 1676 401 1722 gens
439 1660 531 1707 RV
611 1660 746 1708 LAR
786 1675 876 1708 om.
915 1661 1007 1708 RV
1079 1663 1144 1708 19
1188 1660 1393 1722 querule
1431 1653 1501 1726 V)

430 1735 511 1796 13,
554 1735 619 1781 22
664 1733 740 1780 Τ11
777 1749 937 1796 116(1116
961 1760 1034 1766 --
1055 1733 1175 1781 felix
1215 1748 1325 1780 eras
1366 1726 1480 1798 (hec
1511 1734 1557 1779 V
1635 1748 1959 1795 cognosceres

374 1799 397 1872 )
434 1883 516 1941 17,
559 1883 604 1927 7.
640 1880 868 1927 20—23
909 1879 988 1926 Da
1026 1879 1176 1926 michi
1215 1879 1446 1927 aduocati
1485 1880 1704 1940 gratiam
1744 1916 1754 1927 .
1794 1879 1953 1926 uende

279 1967 453 2000 uocem
475 1978 547 1985 ——
572 1952 833 1999 criminum

431 2022 540 2087 [18,
581 2028 611 2073 9
654 2025 1112 2087 Sepe-——uulpium
1187 2026 1313 2074 deest
1348 2024 1414 2087 R]

430 2100 477 2160 5,
522 2100 586 2147 18
614 2115 650 2146 s.
689 2099 1163 2147 Nemo—dicimus

435 2172 742 2233 Supersedeo
784 2173 824 2220 si
864 2188 962 2234 qua
1000 2188 1059 2219 ex
1096 2172 1362 2220 Aulularia
1399 2173 1451 2219 in
1489 2173 1744 2234 speculum
1783 2173 1962 2220 doctri-

285 2245 397 2292 nale
454 2249 542 2293 aut
594 2246 823 2293 naturale
833 2240 885 2312 ²³²)
938 2246 1258 2307 transcripsit
1302 2246 1595 2294 Vincentius
1650 2246 1961 2308 conquirere:

281 2319 380 2365 iam
417 2318 506 2365 illa
545 2319 607 2366 ad
645 2322 870 2367 nostram
907 2335 1014 2367 rem
1053 2319 1319 2367 sufficiunt.

429 2392 615 2439 Parum
663 2395 797 2440 recte
838 2392 1054 2440 Orellius
1106 2393 1325 2455 conlegit
1374 2394 1501 2440 hanc
1545 2406 1697 2439 unam
1735 2392 1962 2440 fabulam

283 2479 431 2526 quam
479 2481 598 2512 uere
647 2466 926 2526 plautinam
974 2466 1187 2528 putabat
1225 2466 1487 2514 Vincentio
1537 2467 1738 2526 praesto
1787 2465 1959 2528 fuisse,

283 2540 474 2585 ceteras
526 2539 796 2587 etiamtunc
845 2540 1060 2602 ignotas.
1139 2555 1256 2588 sane
1305 2539 1559 2602 plautinae
1615 2538 1816 2586 fabulae
1871 2554 1961 2599 per

283 2610 501 2657 medium
540 2627 719 2659 aeuum
756 2629 963 2675 prorsus
1002 2614 1207 2662 fuerunt
1243 2610 1541 2675 incognitae,
1579 2626 1669 2659 nec
1695 2611 1963 2673 quisquam

284 2684 516 2732 inuentus
557 2688 634 2732 est
674 2686 743 2733 eis
779 2687 988 2734 saeculis
1030 2688 1114 2749 qui
1145 2703 1259 2735 eum
1280 2686 1523 2747 laudaret,
1561 2700 1673 2732 cum
1697 2684 1961 2733 Terentius

285 2757 503 2804 omnium
542 2762 675 2806 esset
712 2760 764 2806 in
802 2761 1045 2808 manibus.
1107 2761 1240 2808 Nam
1278 2775 1403 2822 quae
1433 2759 1662 2820 plautina
1701 2761 1872 2806 extant
1908 2758 1963 2806 in

433 2911 473 2967 ³⁹³)
507 2925 545 2956 e.
578 2927 623 2969 g.
655 2927 776 2969 spec.
808 2917 903 2958 nat.
936 2916 965 2958 l.
999 2915 1149 2959 XXXI
1180 2929 1273 2960 non
1303 2914 1493 2958 memini
1524 2927 1615 2969 quo
1648 2913 1813 2970 capite.
