2032 3202
935 174 989 181 -
1051 149 1224 193 XXXII
1286 175 1342 182 --

300 274 519 323 nuntiat:
576 273 812 333 Quisnam
847 278 1011 333 sponte
1047 275 1208 328 miser,
1236 283 1306 322 ue
1342 276 1488 322 miser
1527 289 1626 323 esse
1662 277 1836 335 queat?
1908 277 1976 324 Et

300 347 555 396 monachis
593 347 752 409 igitur
791 362 843 395 se
875 349 1165 408 comparant
1202 347 1278 395 ini
1315 347 1467 410 fures,
1506 348 1637 410 quod
1677 363 1729 396 se
1766 349 1976 398 miseros

300 420 524 482 fecerint,
561 421 800 469 thesauro
840 436 987 490 quem
1023 420 1076 467 in
1113 421 1342 468 manibus
1380 421 1646 484 habebant,
1684 437 1776 483 per
1814 423 1976 471 stulti-

299 495 426 543 tiam
462 493 699 556 proiecto,
737 495 795 542 ut
832 493 1061 542 monachi
1090 493 1417 542 facultatibus
1443 495 1545 543 suis
1571 497 1746 556 sponte
1771 495 1978 544 abiectis

300 569 384 615 uel
422 567 650 615 desertis,
726 568 794 615 Et
832 582 980 629 quem
1019 566 1285 615 admodum
1321 567 1398 615 illi
1436 568 1709 616 affirmant:
1755 570 1875 628 plus
1912 573 1981 618 est

299 642 386 690 hoc
431 656 577 700 quam
620 642 855 690 homimem
885 641 1178 701 perdidisse,
1225 641 1299 688 ita
1342 642 1561 690 Rutilius
1609 642 1669 689 de
1714 642 1977 691 monacho:
2014 635 2024 652 '

300 715 526 763 Perditus
561 715 638 762 hic
673 717 788 763 uiuo
827 716 995 775 funere
1033 715 1154 761 ciuis
1192 718 1306 762 crat.
1361 714 1515 762 Aliud
1536 715 1772 763 iudicium
1797 715 1978 765 aetatis

303 804 402 850 qua
448 788 635 849 scripta
679 790 758 836 est
797 786 1062 849 Querolus,
1116 787 1241 834 mihi
1285 789 1504 848 reperire
1549 789 1725 836 uideor
1770 789 1823 836 in
1859 792 1979 838 uoto

303 862 409 910 siue
449 862 685 924 formula,
736 877 884 924 quam
935 860 1234 909 dedicationi
1277 876 1395 908 suae
1443 862 1740 924 subscripsit
1785 865 1980 918 auctor:

311 936 465 984 Viuas
502 937 754 984 incolumis
793 939 932 995 atque
969 936 1085 994 felix
1121 936 1247 982 uotis
1283 937 1462 983 nostris
1501 939 1544 983 ct
1581 938 1689 984 tuis.
1733 933 1801 997 [p.
1837 937 1885 999 5,
1908 934 1979 997 2J.

302 1008 502 1057 Similes
564 1010 696 1056 enim
755 1008 997 1056 formulas
1060 1007 1319 1055 dedicandi
1380 1023 1504 1056 aeuo
1566 1009 1834 1058 Theodosii
1894 1011 1982 1057 aut
2028 1056 2032 1059 .

301 1083 471 1144 paullo
505 1082 761 1144 superiore
799 1082 1014 1130 usitatas
1055 1081 1382 1142 scriptoribus
1421 1082 1577 1130 fuisse
1601 1082 1783 1144 probat
1808 1081 1980 1131 Calen—
2029 1102 2032 1104 ·

303 1156 499 1203 darium
521 1158 668 1204 uetus
691 1155 1059 1204 Bucherianum
1082 1158 1133 1204 et
1155 1154 1543 1203 Lambecianum
1566 1156 1628 1203 ab
1657 1156 1704 1202 H
1721 1155 1761 1203 L
1780 1154 1982 1204 Schurz-

302 1229 523 1278 fleischio
583 1230 713 1278 libro
775 1229 836 1277 de
897 1228 1041 1277 Anno
1086 1229 1424 1277 Romanorum
1468 1229 1662 1278 Iuliano
1723 1229 1981 1291 insertum,

306 1304 438 1366 quod
490 1305 715 1365 tempore
766 1301 1048 1352 Constantii
1098 1301 1279 1362 Imper.
1336 1302 1576 1363 scriptum
1626 1305 1676 1350 et
1715 1302 1981 1350 Valentino

302 1377 499 1424 cuidam
538 1377 600 1424 ab
641 1379 843 1425 auctore
884 1375 1165 1423 dedicatum
1203 1377 1282 1422 est
1318 1375 1412 1423 hac
1448 1376 1684 1424 formula:
1735 1375 1984 1424 Valentme
2030 1439 2032 1442 Ι

301 1452 448 1499 uiuas
484 1452 671 1509 floreas,
757 1449 1005 1498 Valeutiuc
1041 1450 1188 1497 uiuas
1221 1450 1452 1508 yaudcaS.

451 1582 702 1630 Praefatio
743 1581 945 1638 Queroli
984 1581 1084 1628 alia
1119 1582 1358 1629 nonnulla
1397 1581 1701 1643 suppeditat,
1741 1597 1768 1628 e
1801 1581 1980 1644 quibus

303 1671 430 1718 quae
470 1655 686 1703 conditio
734 1657 784 1704 et
829 1655 1034 1703 fortuna
1072 1656 1290 1704 auctoris
1328 1655 1502 1716 fuerit,
1543 1655 1821 1716 colligatur.
1898 1654 1982 1700 Vi-
2021 1658 2032 1673 “

304 1729 451 1777 detur
488 1729 602 1776 inde
640 1744 740 1776 non
777 1729 976 1790 publico
1017 1729 1184 1790 aliquo
1223 1729 1411 1776 honore
1448 1728 1669 1788 functus,
1717 1729 1804 1774 aut
1842 1727 1982 1774 lauta

302 1802 355 1849 in
392 1818 446 1850 re
486 1803 788 1851 constitutus
826 1802 996 1863 fuisse⁷
1038 1802 1123 1849 sed
1153 1801 1461 1862 professione
1487 1800 1854 1848 Grammaticus
1894 1802 1983 1848 aut

302 1876 493 1924 Rhetor
549 1876 715 1923 studia
774 1876 1060 1922 litterarum
1119 1874 1384 1936 praecipue
1447 1889 1640 1921 amasse
1702 1874 1981 1935 acriterque

302 1949 529 1997 coluisse.

450 2066 677 2120 Pecunia,
716 2066 878 2126 inquit
918 2062 987 2126 [p.
1013 2067 1060 2126 3,
1087 2063 1160 2126 5]‚
1198 2065 1286 2111 illa
1323 2079 1486 2111 rerum
1525 2079 1581 2112 ac
1611 2065 1983 2112 sollicitudinum

302 2153 477 2188 caussa
524 2143 568 2187 ct
612 2143 777 2199 caput,
829 2138 995 2199 Neque
1039 2152 1221 2186 mecum
1260 2139 1536 2192 abundans,
1584 2151 1733 2197 neque
1770 2138 1903 2196 apud
1939 2139 1983 2184 te
2022 2207 2024 2212 Ι

294 2215 516 2273 pretiosa
563 2217 640 2261 est.
724 2212 920 2261 Paruas
965 2212 1083 2260 mihi
1129 2212 1363 2259 litterulas
1408 2225 1506 2259 uon
1542 2225 1739 2270 paruus
1783 2210 2006 2259 indulsit·

308 2288 456 2335 labor.

450 2403 530 2450 Ad
568 2404 690 2452 haec
739 2403 905 2452 studia
948 2401 1292 2464 persequenda
1331 2401 1488 2450 otium
1526 2403 1576 2448 et
1613 2400 1983 2448 immunitatem

303 2479 478 2524 nactus
533 2479 610 2524 est
662 2476 899 2525 beneficio
949 2475 1127 2523 Rutilii
1179 2476 1231 2523 in
1285 2490 1440 2536 eoque
1486 2473 1623 2521 dedit
1670 2489 1723 2521 se
1770 2473 2018 2520 maxime‘

302 2549 488 2597 fabulis
528 2552 579 2598 et
617 2550 883 2599 comoediis
921 2552 1031 2598 tum
1069 2548 1327 2597 ueteribus
1365 2546 1680 2609 exponendis,
1719 2548 1828 2594 tum
1866 2547 1982 2594 scri-

302 2621 478 2671 bendis
516 2624 659 2672 nouis
699 2624 878 2686 quibus
919 2638 1092 2672 scenae
1132 2637 1335 2684 operam
1359 2621 1502 2669 daret
1525 2622 1576 2667 et
1598 2619 1731 2667 ludis
1754 2619 1982 2682 publicis.

304 2695 574 2758 Ipsumque
619 2697 713 2744 hoc
759 2697 917 2745 otium
963 2699 1020 2744 ut
1070 2711 1183 2744 cum
1231 2696 1417 2744 honore
1467 2693 1783 2741 coniunctum
1833 2694 1980 2754 esset,

305 2769 517 2816 eundem
562 2770 781 2818 effecisse
819 2770 1063 2819 Rutilium
1110 2770 1202 2832 ait,
1257 2769 1342 2830 qui
1381 2783 1433 2815 se
1471 2767 1603 2814 inter
1641 2766 1891 2828 proximos
1931 2768 1983 2813 et

303 2843 609 2904 propinquos
657 2844 870 2892 amicum
917 2846 966 2892 et
1011 2843 1309 2891 familiarem
1347 2840 1654 2889 assumserit.
1733 2839 1811 2887 Sic
1849 2839 1983 2887 enim

305 2915 368 2962 ad
406 2916 671 2964 Rutilium:
