2032 3202
690 153 748 161 —
808 126 982 172 XXVII
1044 152 1098 158 —-

21 258 81 303 ,(-
202 254 288 315 40,
329 254 360 301 3
401 252 637 315 zelotypi:
677 254 737 313 cf.
775 253 855 300 ΡΖ.
894 251 1039 300 Stich.
1080 254 1182 299 727
1221 266 1318 312 sqq.

30 339 69 375 1
202 328 288 389 40,
331 327 399 374 20
447 326 552 374 Ter.
590 323 687 395 ᾼά.
725 327 831 374 207
874 324 1183 387 Accipiunda
1221 340 1278 373 ac
1315 325 1627 374 mussitanda
1664 325 1734 373 in-

21 398 184 449 &iuria
221 364 659 448 adolescentiumst

203 474 287 535 42,
329 474 359 520 3
422 472 596 534 Veryz'l.
635 473 742 520 ΕΟΖ.
779 473 886 519 ΙΙΙ
919 472 984 519 54
1040 471 1278 520 Sensibus
1317 472 1440 520 haec
1478 472 1613 534 imis,
1652 487 1732 520 res

20 547 134 656 {pst
169 561 268 595 non
304 561 476 608 parua,
515 561 728 608 reponas

20 658 33 671 Γ
201 620 291 679 42,
331 620 361 667 5
403 620 483 667 Pl.
507 619 686 668 Bacch.
727 620 827 667 468
871 618 949 666 Ne
989 618 1040 666 di
1079 619 1255 667 sierint
1330 619 1482 667 Mero.
1505 579 1577 666 II
1593 621 1645 673 2,
1669 618 1733 665 51

20 660 169 1030 tane
194 692 246 740 di
269 692 495 742 sinerint.
547 691 627 740 ΡΖ.
653 693 749 754 Ep.
773 693 846 740 II
862 694 914 747 2,
938 693 971 738 3
1010 691 1143 740 Illud
1182 692 1314 740 enim
1351 707 1440 740 nec
1479 692 1530 739 di
1568 693 1736 740 sinant

25 298 54 330 ξ

59 492 64 499 ,
20 330 45 433 {Vr

201 767 287 828 42,
328 767 376 814 5.
419 768 449 814 6
507 765 671 815 Cicero
716 768 770 814 in
805 765 1032 814 Pisonem
1068 768 1134 812 14
1178 763 1215 828 5
1252 767 1346 813 33:
1399 764 1480 813 Sic
1527 766 1661 813 exire
1707 781 1733 814 e

43 835 297 905 Tpatria..
323 841 416 888 ‚ut
439 855 610 888 omnes
635 841 999 902 execrarentur,
1037 830 1180 887 male'
1206 840 1545 901 precarentur,
1583 854 1736 887 unam

49 912 148 962 tibi
195 913 336 960 illam
385 912 522 962 uiar'n
564 915 615 961 et
663 914 960 975 perpetuam
1010 929 1119 961 esse
1168 912 1390 961 uellent?
1483 911 1735 973 Twrpilius

24 981 377 1047 ‘Thrasyleone
400 986 528 1045 (207
542 987 613 1047 R)
639 1003 733 1050 age
773 1002 868 1049 age
907 986 1146 1049 egredere
1186 989 1337 1050 atque
1375 987 1506 1034 istuc
1540 986 1734 1071 utinam

20 1062 354 1123 ..perpetuum
390 1061 541 1108 itiner
581 1061 647 1109 sit
683 1061 780 1108 tibi

49 1163 57 1183 ι
199 1135 283 1196 42,
314 1137 376 1182 11
418 1135 498 1182 ΡΖ
521 1133 637 1182 Aul.
675 1134 716 1181 I
746 1136 797 1190 2,
821 1136 896 1182 22
941 1133 994 1181 Si
1031 1134 1163 1182 bona
1198 1134 1403 1182 fortuna
1440 1133 1627 1196 ueniat,
1667 1148 1728 1180 ne

20 1134 385 1299 ἰῖἱιιίιὈιιι-ἰεειιε

38 1278 43 1285 ’
198 1282 282 1343 42,
328 1283 392 1329 16
458 1280 622 1329 Cicero
658 1283 713 1329 'in
752 1280 893 1330 Catil.
924 1282 964 1329 I
998 1281 1030 1328 5
1091 1281 1225 1328 Dum
1274 1280 1421 1328 modo
1471 1280 1604 1328 inter
1654 1294 1733 1327 me
1765 1340 1776 1350 χ

22 1311 282 1444 {atque
238 1356 290 1402 te
328 1370 501 1402 murus
539 1354 743 1403 intersit

203 1428 290 1490 44,
333 1429 362 1475 6
403 1428 578 1476 Festus
613 1445 661 1489 p.
704 1430 805 1476 261
848 1428 913 1475 Μ.
955 1427 1087 1484 Quot
1126 1427 1260 1476 serui
1297 1429 1376 1476 tot
1412 1427 1583 1476 hostes

52 1549 56 1556 Δ
199 1501 286 1563 45,
303 1502 337 1548 4
376 1501 602 1549 quenal.
630 1501 784 1549 XIII
802 1503 916 1549 130.
957 1503 1059 1548 134
1097 1501 1286 1550 Maiore
1324 1501 1550 1549 ssumultu.
1586 1500 1731 1548 Plan-

25 1574 242 1637 guntur
278 1575 468 1622 nummi
508 1590 658 1637 quam
694 1575 873 1623 funera
911 1575 1250 1636 ...ploratur
1287 1575 1507 1622 lacrimis
1547 1574 1732 1622 amissa

24 1614 284 1783 {pecunia
295 1648 430 1695 ue1is

198 1721 267 1769 45
326 1721 356 1769 5
398 1721 478 1768 ΡΖ.
510 1722 639 1769 Rud.
680 1722 818 1770 1257
854 1721 926 1770 At
964 1737 1059 1784 ego
1099 1722 1216 1770 deos
1256 1736 1456 1784 quaeso,
1495 1723 1554 1770 ut
1593 1686 1731 1784 quid-

24 1775 171 1967 §gum
207 1794 262 1842 in
298 1794 385 1843 illo
423 1795 668 1859 nidulost,
708 1795 762 1844 Si
800 1812 999 1858 aurum,
1040 1796 1084 1844 si
1122 1797 1461 1858 argentumst,
1498 1811 1641 1843 omne
1679 1793 1731 1841 id

83 1869 108 1915 t
143 1867 234 1917 fiat
272 1867 410 1916 cinis,
465 1867 548 1929 (cf.
590 1869 763 1918 Tibull.
802 1871 842 1918 I
874 1870 1051 1930 9,12)
1111 1869 1365 1918 Phaedrus
1412 1869 1459 1916 V
1495 1871 1541 1924 6,
1582 1871 1613 1916 6
1653 1884 1731 1916 su

25 1925 228 2012 {perum
262 1942 497 1990 uoluntas
534 1943 679 2005 fauit,
719 1943 807 1992 sed
842 1943 949 1992 fato
988 1943 1159 1991 inuido
1184 1942 1464 1991 Carbonem
1501 1945 1559 1990 ut
1591 1942 1732 1990 aiunt

28 2027 152 2079 pro
189 2014 429 2063 thesauro
468 2015 749 2064 inuenimus

51 2102 127 2126 *v
198 2088 283 2150 45,
326 2089 395 2136 20
440 2087 465 2135 ⁴?
510 2089 589 2136 ΡΖ.
628 2089 808 2140 Bacch.
847 2091 948 2138 849
991 2090 1060 2138 Ni
1096 2090 1242 2138 illum
1280 2127 1292 2139 .
1332 2127 1343 2138 .
1383 2127 1394 2138 .
1434 2089 1731 2138 exheredem

47 2152 50 2198 Ϊ
101 2174 214 2208 cero
252 2161 388 2209 uitae
429 2177 547 2210 suae

51 2235 53 2239 ’
196 2235 283 2297 45,
311 2235 377 2282 25
431 2235 514 2283 ΡΖ.
537 2236 680 2284 Poen.
702 2237 842 2285 IIII
857 2239 909 2292 2,
934 2239 1003 2286 92
1057 2237 1128 2285 At
1166 2237 1299 2285 enim
1335 2237 1463 2285 nihil
1500 2239 1592 2297 est,
1632 2236 1729 2283 m'si

82 2323 169 2356 um
204 2309 334 2356 calet
372 2309 465 2356 hoc
503 2310 674 2371 agitur

195 2383 282 2444 46,
323 2383 370 2430 6.
414 2384 479 2431 13
535 2384 760 2432 quenal.
799 2385 939 2433 IIII
971 2387 1071 2433 108
1108 2384 1357 2433 Massutino
1397 2384 1584 2432 sudans
1625 2381 1728 2431 Cri-

74 2454 222 2516 pinus
261 2471 455 2504 amomo
504 2455 757 2513 Quantum
793 2458 879 2505 uix
915 2458 1143 2507 redolent
1180 2457 1277 2506 duo
1316 2459 1494 2506 funera

195 2530 282 2591 46,
303 2531 392 2587 >14
430 2529 604 2579 Horat.
639 2529 691 2579 G.
728 2532 835 2579 III
865 2533 952 2586 27,
976 2535 1006 2579 1
1053 2532 1239 2579 Parrae
1278 2530 1544 2579 recinentis
1584 2544 1730 2579 omen

102 2637 113 2648 .
154 2638 165 2649 .
205 2604 256 2650 et
292 2618 577 2665 praegnans
617 2605 753 2652 canis

196 2677 283 2737 46,
310 2677 375 2724 21
420 2675 583 2726 Cicero
622 2679 679 2726 de
715 2679 897 2736 fiinibus
919 2679 989 2727 92
1025 2678 1096 2727 At
1134 2679 1226 2727 hoc
1264 2679 1317 2726 in
1355 2693 1412 2726 eo
1452 2679 1518 2726 M.
1545 2677 1727 2726 Crasso

54 2763 198 2800 ,uem
235 2749 391 2796 semel
428 2750 501 2798 ait
538 2752 591 2798 in
628 2752 736 2799 uita
773 2752 945 2800 risisse
983 2752 1227 2814 LuciliuS,
1266 2767 1367 2801 non
1404 2751 1631 2814 contigit,
1670 2753 1729 2798 ut

71 2835 110 2872 ,a
147 2837 202 2868 re
238 2821 402 2870 minus
441 2817 718 2888 ἀγέλαστος,
756 2827 815 2873 ut
852 2825 924 2873 aih
939 2826 1108 2888 fidem,
1147 2827 1425 2874 uocaretur.
1499 2826 1559 2884 cf.
1598 2824 1729 2872 Plin.

55 2928 94 2975 ἶ.
132 2894 176 2941 h..
228 2894 342 2943 VII
380 2898 446 2945 79
522 2897 728 2957 (Lucilii
766 2914 821 2948 επ
859 2900 996 2948 libr-is
1032 2901 1225 2949 οἴκοθι-τῖε
1262 2901 1363 2947 176
1399 2898 1631 2958 Mueller)
