2032 3202
695 94 1061 139 —XVII—

35 219 136 267 XII
172 220 207 268 f.
248 221 477 268 68—93
518 218 764 278 Excenpta
801 233 858 266 ex
894 218 1069 267 Plauto
1108 218 1276 266 habet.
1353 219 1466 267 inc.:
1506 218 1720 266 Plautus

34 295 91 342 in
129 292 342 355 Querolo.
403 290 552 340 LAR
589 292 656 341 ad
692 291 963 352 Querolwrn.
1033 290 1160 352 Quid
1197 293 1254 340 de
1292 293 1528 340 adulterio
1565 292 1719 340 dicis?

36 365 285 428 Querolusz
324 369 447 414 attat
479 361 516 413 ᾖ
553 365 639 413 hoc
676 367 856 414 crimen
891 379 990 414 non
1028 369 1108 414 est.
1170 364 1293 414 Lar.
1333 366 1525 425 quando
1563 367 1723 413 autem

36 440 222 488 Moitwm
281 453 380 487 esse
440 439 592 500 cepit?
666 438 742 486 Ex
794 438 904 500 ipso
960 437 1235 486 Camerarii
1287 438 1416 487 libro
1471 438 1722 500 descripta

38 511 277 561 Plautina
314 512 437 559 dicit
472 512 819 560 FRitschelius
874 504 1037 578 (cuius
1077 511 1177 561 uid.
1218 510 1343 573 Opp.
1383 511 1434 559 II
1477 513 1581 560 130
1620 514 1723 559 not.

44 587 131 648 73,
175 579 303 651 162)
354 586 407 632 in
457 601 553 647 quo
606 588 657 633 et
706 585 827 633 ordo
880 589 931 633 et
968 586 1148 634 titulus
1195 585 1327 632 idem
1367 588 1443 633 est
1483 588 1632 647 atque
1671 585 1724 632 in

39 658 133 708 hoc
170 659 431 721 florilegio.

187 733 303 780 Non
340 732 734 794 praetereundus
773 732 865 780 hoc
903 733 1009 780 loco
1043 732 1402 780 Vincentius
1441 732 1723 779 Belloua-

42 806 242 854 censis
282 799 339 870 (†
382 799 570 871 1264):
610 805 652 853 is
692 806 744 852 in
783 804 1036 867 Speculo
1076 806 1390 853 historiali
1428 805 1568 853 cuius
1607 808 1722 852 utor

50 879 217 928 codice
270 882 402 927 msto
456 879 788 927 bibliothecae
840 879 1222 941 Rehdigeranae
1277 878 1310 926 S
1363 879 1436 926 IV
1491 879 1522 926 5
1574 895 1606 940 p
1656 880 1720 926 21

39 953 249 1001 membr.
275 969 312 1001 s.
338 953 487 1000 XIIII
525 968 615 1014 per
652 967 828 1000 manus
862 953 1069 1001 Walteri
1107 954 1222 1001 dicta·
1258 954 1316 1001 de
1329 953 1500 1012 platea
1537 952 1723 1013 optime

39 1026 227 1088 scripto
252 1019 342 1092 (R)
377 1042 407 1073 a
444 1041 540 1088 quo
579 1040 679 1074 non
715 1040 829 1074 raro
869 1025 1038 1074 differt
1077 1041 1204 1088 quae
1242 1026 1367 1073 mihi
1404 1028 1606 1087 praesto
1647 1028 1724 1072 est

40 1099 118 1148 ed,
159 1101 354 1148 Veneta
400 1115 443 1147 a.
494 1101 635 1148 1494
683 1093 790 1164 (V),
839 1100 1000 1161 quinti
1046 1099 1164 1147 libri
1203 1115 1309 1161 cap.
1351 1097 1438 1147 CV
1476 1092 1723 1163 (Venetae

38 1173 73 1221 l.
113 1174 159 1219 V
198 1188 236 1221 0.
278 1167 372 1237 55)
410 1174 532 1220 haec
569 1172 782 1234 profert:

184 1246 297 1307 „De
334 1246 508 1308 plauto
546 1248 696 1308 poeta
732 1246 918 1294 comico
951 1249 1002 1294 et
1026 1246 1172 1294 dictis
1196 1246 1319 1294 eius.
1371 1245 1564 1294 Eodem
1587 1261 1716 1293 anno

37 1320 242 1382 plautus
281 1336 340 1367 ex
377 1320 557 1368 umbra
588 1316 809 1382 (umbria
823 1314 894 1384 V)
928 1320 1128 1382 arpinas
1167 1335 1305 1368 rome
1343 1319 1570 1367 moritur.
1621 1318 1717 1375 Qm·

36 1396 244 1456 propter
282 1409 474 1442 annone
512 1393 859 1442 difficultatem
898 1393 962 1440 ad
984 1394 1143 1441 molas
1166 1393 1455 1441 manuarias
1478 1393 1722 1454 pistorem

39 1481 94 1515 se
132 1467 388 1515 locauerat
431 1466 503 1514 ibi
548 1466 782 1529 quociens
829 1466 892 1514 ab
932 1481 1082 1528 opere
1121 1469 1352 1514 uacasset
1392 1466 1609 1514 scribere
1648 1466 1720 1512 fa-

39 1539 187 1588 bulas
227 1541 405 1588 solitus
445 1533 515 1606 (V
555 1541 666 1589 add.
706 1534 839 1604 erat)
878 1555 936 1588 ac
974 1540 1204 1588 uendere.
1251 1540 1421 1588 Actor.
1460 1539 1556 1586 Hic
1586 1540 1725 1600 plau-

40 1616 125 1662 tus
165 1614 604 1675 eloquentissimus
642 1613 753 1661 fuit.
822 1613 966 1661 Vnde
1005 1613 1138 1662 iero’.
1178 1609 1248 1679 (V
1287 1607 1481 1678 Hiero.)
1519 1613 1574 1659 in
1612 1629 1726 1675 sug-

39 1687 307 1749 gillecione
345 1682 416 1753 (V
456 1681 786 1752 sigillatione)
834 1687 1117 1749 eloquentie
1157 1686 1419 1734 cuiusdam
1457 1686 1610 1734 emuli
1649 1686 1727 1734 sui

40 1760 176 1809 dicit.
229 1760 335 1809 Hec
374 1764 452 1809 est
489 1761 578 1808 illa
615 1760 845 1822 plautina
883 1761 1180 1822 eloquentia.
1241 1760 1321 1807 hic
1359 1760 1499 1821 lepos
1539 1760 1723 1808 atticus

42 1826 112 1899 (V
152 1828 377 1901 accitus).
417 1837 468 1882 et
505 1849 766 1882 musarum
802 1836 860 1882 ut
898 1834 1069 1882 dicunt
1108 1834 1304 1896 eloquio
1345 1833 1724 1895 comparandus.

40 1906 118 1955 De
157 1908 385 1956 omnibus
425 1910 594 1955 autem
630 1907 794 1970 plauti
835 1907 1072 1955 comediis
1112 1923 1172 1955 ex
1201 1907 1291 1954 illa
1330 1907 1437 1955 sola
1475 1922 1571 1969 que
1609 1906 1725 1954 dici-

42 1982 129 2027 tur
168 1981 435 2028 Aulularia
482 1996 667 2042 paucas
719 1981 934 2029 morales
987 1983 1038 2028 et
1086 1981 1268 2030 breues
1320 1980 1594 2029 sententias
1650 1996 1727 2028 ex-

42 2057 240 2116 cerptas
279 2054 360 2101 hic
397 2054 599 2101 inserui.
676 2054 886 2102 Plautus
926 2057 1076 2116 poeta
1114 2055 1329 2103 comicus
1367 2054 1420 2101 in
1458 2051 1608 2101 aul⁷.“

188 2128 426 2175 Indicabo
476 2129 732 2176 sententias
791 2143 938 2188 quam
990 2132 1156 2187 potero
1210 2129 1490 2176 breuissime
1550 2127 1729 2175 add-itis

42 2202 353 2250 wrwntibus
391 2201 665 2249 lectionibus
675 2217 692 2247 .-

192 2277 241 2336 3,
283 2276 312 2322 6
369 2274 585 2322 Pecunia
631 2290 799 2321 rerum
845 2289 900 2321 ac
949 2273 1321 2323 solicitudinum
1367 2289 1517 2321 causa
1556 2276 1634 2320 est
1674 2276 1724 2321 et

42 2351 193 2409 caput

195 2422 241 2482 6,
284 2423 314 2469 6
357 2421 566 2469 Sibimet
605 2436 713 2468 esse
755 2420 1080 2468 sufficientem
1120 2420 1338 2482 primum
1376 2420 1563 2468 bonum
1601 2423 1679 2467 est

195 2491 304 2557 [12‚
347 2496 412 2543 18
461 2494 614 2542 Visne
661 2494 754 2541 tibi
792 2494 1032 2542 honorem
1071 2494 1267 2541 deferri.
1344 2493 1475 2541 inter
1514 2494 1723 2542 miseros

44 2567 219 2616 uiuit0.
296 2570 422 2616 deest
458 2566 524 2629 R]

195 2643 242 2703 6,
282 2643 313 2690 8
371 2641 423 2690 Si
460 2658 551 2703 pro
591 2641 783 2689 meritis
823 2641 1131 2689 reddendum
1167 2641 1311 2688 nobis
1349 2656 1449 2688 non
1487 2643 1722 2701 putamus

46 2713 145 2774 ipsi
181 2719 377 2764 nosmet
413 2715 635 2763 fallimus

198 2790 280 2850 12,
322 2791 350 2837 7
392 2788 639 2846 Quidnam
678 2805 705 2836 o
747 2788 899 2836 stulte
938 2788 1119 2835 mirum
1158 2791 1236 2835 est
1276 2788 1318 2835 si
1339 2814 1400 2819 —
1423 2787 1590 2848 diligit

198 2857 306 2923 [12,
347 2863 412 2910 12
453 2862 513 2910 In
550 2862 1190 2924 amiciciam—receperis
1267 2863 1392 2910 deest
1429 2858 1494 2921 R]

136 2951 396 2984 Annonam.
1405 2943 1435 2984 b
