2032 3202
0 1197 8 1294 ,1

235 865 441 918 RVTILI
464 863 766 916 uenerande
791 879 999 930 semper
1021 861 1234 932 magnis
1257 861 1521 931 laudibus,
1551 861 1643 930 qui
1674 861 1768 913 das

85 939 407 993 honoratam
446 938 677 1007 quietem
716 954 877 1006 quam
916 936 1153 988 dicamus
1190 935 1430 988 ludicris:
1468 936 1610 987 inter
1646 953 1767 1004 pro-

86 1014 258 1066 ximos
286 1016 338 1065 et
361 1011 689 1081 propinquos
719 1010 925 1063 honore
951 1009 1170 1079 dignum
1197 1011 1320 1062 dum
1356 1011 1532 1078 putaS‚
1571 1009 1768 1077 duplici

86 1087 261 1140 fateor
300 1089 353 1139 et
390 1085 599 1154 ingenti
636 1102 722 1136 me
761 1084 928 1136 donas
967 1083 1134 1136 bono:
1171 1083 1276 1136 hoc
1313 1083 1625 1135 testimonio
1664 1082 1769 1135 hoc

87 1161 336 1231 collegi03
385 1159 516 1211 haec
560 1176 689 1211 uera
734 1160 816 1210 est
866 1156 1117 1226 dignitas,
1193 1156 1468 1219 Quaenam
1519 1174 1646 1226 ergo
1684 1156 1769 1208 his

86 1253 184 1303 pro
222 1233 426 1286 meritis
450 1232 616 1302 digna
633 1231 872 1295 ,referam
901 1230 1173 1300 praemia?
1210 1231 1436 1300 pecunia
1476 1230 1571 1282 illa
1592 1248 1770 1282 rerum

86 1326 148 1360 ac
188 1306 606 1361 sollicitudinum
643 1323 805 1358 causa
843 1307 898 1357 et
935 1308 1097 1373 caput
1133 1323 1306 1374 neque
1355 1322 1564 1357 mecum
1604 1304 1770 1356 abun-

87 1381 222 1435 dans
259 1398 432 1449 neque
471 1380 613 1448 apud
650 1382 705 1431 te
741 1378 981 1447 pretiosa
1018 1381 1115 1431 est.
1189 1378 1395 1431 Paruas
1443 1378 1577 1429 mihi
1625 1378 1769 1430 litte-

85 1455 231 1507 rulas
277 1471 389 1507 non
431 1471 630 1521 paruus
677 1452 903 1505 indulsit
945 1451 1113 1504 labor.
1187 1452 1314 1504 hinc
1381 1452 1558 1504 honos
1609 1453 1771 1520 atque

85 1545 302 1596 merceS‚
323 1527 450 1579 hinc
472 1526 720 1579 manabit
741 1525 1052 1594 praemium.
1113 1525 1291 1595 Atque
1315 1529 1377 1578 ut
1401 1525 1549 1595 operi
1580 1529 1767 1578 nostro

86 1602 286 1670 aliquid
326 1601 608 1652 adderetur
631 1600 852 1670 gratiae,
891 1617 1135 1653 sermone
1165 1600 1258 1652 illo
1292 1599 1666 1669 philosophico
1708 1617 1772 1651 ex

0 1647 28 1753 1»,
83 1678 179 1728 tuo
247 1674 567 1742 sumpsimus
628 1674 932 1732 materiam„
1020 1673 1383 1726 Meministine
1435 1673 1607 1725 ridere
1660 1676 1771 1725 tete

0 1753 14 1812 s:
47 1755 51 1758 ’
85 1749 302 1802 solitum
340 1748 462 1800 illos
503 1747 595 1816 qui
630 1747 746 1799 fata
770 1747 1054 1816 deplorant
1092 1747 1225 1800 sua?
1282 1750 1442 1816 atque
1468 1746 1770 1800 academico

0 1822 13 1879 '3
83 1841 231 1876 more
270 1821 414 1892 quod
445 1821 665 1873 -lib'itum
710 1820 850 1873 foret
899 1822 1171 1874 destruere
1221 1823 1275 1873 et
1313 1821 1556 1874 adserere
1594 1823 1648 1872 te
1688 1839 1771 1873 80-

83 1896 281 1948 litum?
322 1893 426 1948 Sed
466 1897 727 1963 quantum
762 1894 867 1947 hoc
899 1895 1015 1948 est?
1060 1894 1203 1947 Hinc
1242 1912 1370 1965 ergo
1396 1893 1523 1964 quid
1545 1894 1604 1946 in
1642 1911 1770 1947 uero

85 1970 157 2021 sit
194 1969 286 2037 qui
324 1969 472 2020 solus
509 1969 666 2021 nouit
701 1969 939 2022 nouerit:
987 1967 1103 2022 Nos
1135 1969 1346 2021 fabellis
1371 1972 1532 2037 atque
1571 1968 1770 2020 mensis

84 2042 228 2094 hunc
265 2041 506 2094 libellum
546 2042 869 2110 scripsimus.

232 2114 461 2168 Materia
498 2114 630 2166 haec
661 2118 757 2167 est.
816 2116 977 2169 Pater
1002 2116 1220 2178 Queroli
1242 2116 1415 2169 nostri
1445 2115 1552 2167 fuit
1575 2134 1770 2168 auarus

19 2220 24 2236 -.
82 2188 288 2242 Euclio.
363 2187 466 2240 Hic
504 2187 693 2240 Euclio
740 2206 930 2242 aurum
975 2207 1033 2242 1n
1082 2207 1271 2242 ornam
1321 2190 1592 2259 congessit
1642 2190 1770 2242 olim

196 2361 354 2405 Plauti
375 2360 606 2405 aulularia
633 2361 801 2418 incipit
819 2362 1019 2406 feliciter
1039 2362 1134 2406 LV
1157 2361 1326 2418 incipit
1343 2362 1390 2405 P
1465 2368 1486 2405 1
1508 2362 1768 2406 uenerandi

26 2448 29 2449 γ
90 2417 131 2460 V
155 2421 264 2462 teste
292 2417 666 2472 Reifferscheidio
779 2422 806 2461 3
836 2419 886 2462 et
911 2418 1087 2463 honore
1115 2418 1163 2462 R
1187 2420 1194 2474 Ι
1219 2420 1360 2474 putas
1390 2435 1426 2462 ω
1489 2419 1628 2462 utans
1647 2419 1768 2463 Bar-

81 2473 207 2518 thius
242 2473 367 2572 ‹pyiod
405 2475 543 2530 putas
580 2473 772 2518 Klinkh.
812 2473 922 2518 dum
959 2490 1004 2532 p.
1037 2489 1059 2525 e
1088 2488 1114 2519 o
1227 2480 1251 2519 7
1281 2474 1442 2518 habun
1477 2487 1559 2518 ans
1592 2478 1632 2518 P
1742 2481 1768 2518 9

80 2542 222 2586 parus
412 2535 465 2574 10
492 2530 582 2574 1106
612 2530 722 2574 libri
750 2530 961 2574 manebit
987 2533 1035 2576 P
1074 2544 1111 2586 p
1140 2531 1365 2575 manebat
1394 2529 1521 2574 LV?
1556 2530 1770 2575 manebit

81 2586 171 2630 alii
197 2585 304 2629 hinc
333 2586 546 2630 manabit
571 2586 720 2630 nescio
749 2587 854 2642 quis
881 2599 955 2642 ap.
990 2587 1213 2632 Orellium
1350 2592 1399 2630 11
1430 2586 1614 2643 phylos.
1643 2587 1768 2631 LV?

82 2641 248 2697 philos,
277 2641 324 2685 P
457 2647 508 2686 12
544 2643 627 2686 tuo
665 2642 911 2686 materiam
947 2643 1227 2700 sumpsimus
1255 2643 1349 2688 PR
1383 2643 1767 2700 tuossumpsimus

1802 1539 1857 1578 10

1804 1906 1858 1946 15

84 2698 348 2750 (materiam
390 2701 498 2752 om)
536 2698 580 2742 V
611 2700 694 2743 tuo
733 2699 1012 2755 sumpsimus
1054 2699 1299 2743 materiam
1337 2699 1382 2743 L
1516 2706 1567 2744 13
1605 2699 1766 2743 achad.
1810 2714 1813 2717 ⁴

83 2752 175 2796 LP
261 2758 313 2797 15
343 2754 469 2809 quod
490 2754 531 2798 0
618 2760 667 2798 17
696 2754 874 2798 huncce
911 2755 1118 2800 Wemsd.
1149 2755 1322 2799 librum
1358 2755 1444 2800 VP
1472 2754 1682 2812 librssum
1713 2769 1768 2799 ea:

17 2811 19 2814 '
81 2808 295 2852 libellum
318 2823 394 2865 pr.
426 2824 460 2854 6.
491 2810 536 2854 L
563 2810 777 2854 libellum
807 2824 893 2867 my.
1071 2817 1122 2856 18
1152 2813 1497 2868 Argumentum
1533 2815 1642 2856 ante
1669 2825 1766 2855 ma-

81 2865 202 2909 teria
239 2866 559 2921 interpositum
595 2871 849 2911 atramento
957 2867 1194 2924 Explicuit
1231 2867 1524 2924 prooemium
1540 2881 1551 2891 ·
1568 2867 1767 2912 Materia

80 2920 305 2977 incipitur
327 2935 364 2977 p
480 2927 532 2967 19
563 2923 727 2978 euclyo
757 2924 826 2967 bis
862 2922 933 2979 V}
958 2923 1159 2980 cogessit
1188 2930 1236 2977 (n
1268 2925 1328 2969 al.
1359 2928 1436 2979 ss.)
1467 2924 1512 2967 L
1549 2971 1566 2977 ‚

1415 2997 1473 3038 1*
