2032 3202
234 269 518 330 inpressum
554 269 631 315 est
670 283 783 316 cum
820 268 1163 330 inscriptione:
1203 266 1411 330 Eyreqie
1449 272 1672 318 sententie
1709 272 1813 319 siue
1849 273 1916 320 io-

241 343 383 390 cundi
420 344 562 400 flores
601 341 843 390 doctorum
870 346 1127 402 poetarum
1167 358 1202 391 s.
1237 358 1280 391 a.
1307 345 1357 391 et
1379 343 1411 390 1.
1450 343 1580 392 inter
1617 344 1916 392 incimabula

235 415 458 463 eiusdem
495 415 825 463 bibliothecae
863 431 911 463 n.
952 409 1172 482 2580*).
1219 416 1279 465 cf.
1319 415 1393 464 Oh
1432 416 1615 465 Daumi
1667 417 1812 479 epist.
1852 417 1916 466 ad

237 489 523 537 Reinesium
560 488 742 536 LXXV
783 491 903 538 303.

377 562 491 623 Ipse
531 562 715 611 Vitalis
755 563 815 610 de
854 564 958 616 hoc,
985 564 1200 611 carmine
1241 579 1354 612 cum
1393 565 1525 613 dicat
1562 582 1611 614 u.
1652 566 1719 613 23
1762 580 1888 627 sqq.:

305 650 440 698 Haec
479 666 590 698 mea
627 652 710 699 uel
747 652 918 699 Plauti
955 651 1207 699 comoedia
1243 667 1424 701 nomen
1461 653 1523 701 ab
1564 653 1664 702 olla

379 724 556 786 traxit3
597 725 685 772 sed
722 725 893 773 Plauti
931 740 1056 787 quae
1095 724 1205 787 fuit,
1243 725 1331 773 illa
1368 741 1480 773 mea
1518 730 1608 775 est.

307 797 515 846 Curtaui
554 798 813 846 Plautum:
853 798 1092 846 Plautum
1130 799 1251 847 haec
1289 799 1484 847 iactura
1521 800 1715 863 beauit,

377 873 435 919 ut
473 872 669 933 placeat
707 872 934 934 Plautus,
975 872 1162 934 scripta
1201 871 1385 920 Vitalis
1426 876 1609 922 emunt.

301 943 638 1007 Amphitryon
675 961 848 1008 nuper,
887 960 1018 994 nunc
1055 945 1321 993 Aulularia
1359 946 1563 994 tandem

378 1021 641 1067 senserunt
680 1020 816 1068 senio
855 1035 1030 1081 pressa
1068 1019 1251 1067 Vitalis
1293 1035 1450 1081 opem.

232 1121 332 1154 non
378 1109 511 1155 recte
558 1107 810 1170 iudicarit,
874 1107 959 1170 qui
1005 1122 1034 1154 a
1073 1106 1327 1156 Sarsinate
1374 1108 1560 1156 factam
1605 1107 1914 1156 Rutilianam

229 1179 547 1228 Aululariam
562 1183 767 1242 putasse
779 1181 1002 1229 Vitalem
1025 1182 1294 1230 censuerit:
1321 1181 1384 1229 ad
1407 1181 1644 1230 Plautum
1667 1181 1913 1231 iuniorem

228 1254 476 1315 quendam
514 1254 739 1303 fabulam
778 1253 1064 1303 CBarthius
1106 1270 1299 1317 quoque
1339 1255 1527 1304 retulit.

504 1496 608 1540 IIII.
669 1496 1051 1556 AVQTORVM
1091 1496 1436 1540 VETERVM
1475 1495 1635 1540 LOCI

226 1637 348 1682 quos
400 1624 550 1683 poeta
590 1623 696 1670 siue
749 1622 968 1683 respexit
1022 1621 1128 1669 siue
1182 1620 1383 1668 uidetur
1438 1621 1716 1682 respexisse
1756 1622 1908 1670 maxi-

224 1710 359 1742 mam
396 1697 594 1756 partem
633 1711 662 1744 a
700 1695 908 1742 Daniele
949 1697 999 1742 et
1038 1693 1398 1742 Klinkhamero
1439 1695 1713 1755 conparati.

373 1770 419 1830 3,
450 1771 476 1816 1
530 1769 703 1829 Veryil.
743 1767 894 1817 Culex
916 1769 987 1816 25
1027 1767 1206 1816 Octaui
1247 1766 1561 1820 uenerande„
1607 1766 1815 1817 Carmen
1845 1771 1911 1819 ad

223 1841 447 1890 Pisonem
486 1844 586 1889 147
622 1842 739 1890 Piso
777 1844 918 1889 tuam
956 1840 1238 1888 uenerande
1278 1840 1479 1887 domum

374 1918 423 1974 3,
469 1919 496 1963 7
554 1915 773 1975 Propert.
811 1914 950 1962 IIII
997 1917 1048 1962 6.
1094 1917 1124 1960 1
1179 1914 1316 1975 Ergo
1365 1913 1607 1961 sollicitae
1655 1916 1712 1961 tu
1759 1930 1909 1963 causa

225 1988 436 2049 pecunia
475 1988 626 2036 uitae.
704 1986 961 2036 Censorini
994 1988 1051 2035 de
1089 1988 1164 2035 die
1200 1990 1300 2034 wat.
1339 1990 1386 2041 1,
1427 1987 1458 2033 5
1498 1985 1705 2047 (praef.)
1745 1987 1909 2045 Quare

226 2076 337 2108 cum
376 2062 510 2109 dona
549 2061 771 2123 pretiosa
808 2076 967 2123 neque
1012 2061 1108 2108 tibi
1146 2076 1235 2122 per
1274 2059 1427 2107 animi
1463 2060 1708 2108 uirtutem
1745 2061 1910 2110 desint

225 2148 315 2182 nec
363 2135 490 2182 mihi
536 2150 625 2197 per
673 2135 746 2183 rei
791 2134 1090 2182 tenuitatem
1131 2134 1396 2195 supersint,
1436 2133 1778 2196 quodcumque
1816 2135 1909 2183 hoc

224 2207 343 2255 libri
390 2211 468 2256 est
562 2208 686 2256 meis
735 2208 912 2270 opibus
958 2209 1303 2270 comparatum
1347 2207 1570 2255 natalicii
1617 2207 1767 2256 titulo
1812 2208 1908 2256 tibi

222 2297 336 2329 m1s1

375 2356 422 2417 5,
449 2357 480 2402 4
520 2355 692 2403 Plauti
722 2355 1019 2403 Menaechme.
1050 2356 1179 2414 prol.
1214 2357 1244 2401 1
1292 2354 1515 2402 Salutem
1551 2348 1768 2416 primum
1805 2354 1906 2403 iam

225 2444 255 2483 a
292 2429 534 2490 principio
574 2429 846 2490 propitiam
906 2428 1032 2475 Mihi
1070 2430 1220 2490 atque
1259 2428 1402 2476 uobis
1443 2422 1748 2489 spectatores
1783 2444 1905 2477 nun-

224 2501 310 2554 tio.
389 2501 597 2550 Oasinae
625 2503 753 2562 prol.
794 2505 822 2548 1
863 2501 1067 2549 Saluere
1106 2501 1253 2550 iubeo
1295 2503 1598 2563 spectatores
1638 2501 1852 2562 optimos

374 2575 421 2636 5,
449 2577 477 2622 9
523 2575 733 2623 Terentii
755 2576 886 2623 Eun.
911 2575 980 2622 25
1029 2574 1258 2623 Colacem
1297 2590 1406 2623 esse
1443 2574 1608 2621 Naeui
1646 2577 1697 2621 et
1735 2574 1906 2623 Plauti

224 2649 447 2695 ueterem
484 2648 720 2696 fabulam.
785 2647 994 2697 Casinate
1012 2650 1135 2710 prol.
1161 2651 1227 2696 13
1267 2647 1525 2710 antiquam
1563 2647 1668 2695 eius
1709 2647 1902 2697 edimus

224 2721 530 2768 comoediam

344 2859 384 2915 ²¹⁵)
411 2861 641 2904 consentit
662 2861 874 2917 plurimis
899 2861 1013 2906 locis
1039 2876 1144 2905 cum
1170 2860 1424 2918 exemplari
1447 2861 1655 2917 inpresso
1682 2861 1902 2905 Coloniae

229 2923 341 2963 1472
374 2933 465 2974 quo
498 2933 605 2964 usus
638 2921 709 2963 cst
738 2920 959 2964 Metilius.
