2032 3202
935 145 1317 191 -XXVI—

436 272 518 331 29,
561 271 628 317 24
682 270 872 319 Lucan.
923 271 1004 318 VI
1037 273 1136 319 689
1190 270 1332 328 Quod
1378 271 1602 333 trepidus
1649 270 1782 318 bubo
1832 271 1964 333 quod
2019 278 2022 284 “

288 344 414 392 strix
451 347 694 391 nocturna
734 346 1023 406 queruntur.
1099 344 1285 393 Statius
1326 345 1408 392 le..
1434 345 1539 392 III
1557 344 1653 391 511
1691 345 1963 392 nocturnae

286 419 493 479 gemunt
541 418 724 479 striges
772 420 823 465 et
867 418 1044 466 feralia
1091 418 1224 466 bubo
1271 418 1466 466 Damna
1515 433 1711 466 canens.
1786 416 1965 466 Seneca

285 491 417 538 Med.
459 491 561 538 736
635 491 871 541 Hercules
909 494 1005 539 691
1044 506 1081 540 s.
1157 492 1454 540 Dracontius
1495 491 1549 539 X
1582 493 1684 540 306

435 565 518 625 30,
548 565 613 612 16
659 565 832 625 Veryil.
857 563 920 611 A.
944 565 1050 612 III
1066 565 1174 612 225
1186 580 1222 613 s.
1247 564 1318 613 At
1342 566 1538 613 subitae
1561 563 1792 613 horrifico
1815 564 1962 625 lapsu

285 637 345 684 de
369 637 622 685 montibus
655 637 838 686 adsunt
875 638 1130 700 Harpyiae
1170 640 1221 686 et
1259 639 1455 701 magnis
1496 638 1728 701 quatiunt
1766 639 1963 700 clango-

283 711 423 758 ribus
464 711 570 758 alas

433 786 524 846 30,
569 786 633 832 17
687 785 860 834 Horat.
899 785 996 845 Ep.
1034 786 1073 832 I
1106 787 1153 839 1,
1194 787 1258 832 10
1311 785 1478 847 thue
1519 785 1792 833 sacerdotis
1831 784 1963 846 fugi-

284 858 420 905 tiuus
460 858 563 905 liba
587 873 782 906 recuso:
823 858 958 906 Pane
984 875 1107 921 egeo
1132 859 1234 906 iam
1256 858 1461 907 mellitis
1484 859 1679 920 potiore
1703 858 1963 919 placentis.

433 933 517 993 30,
560 933 627 979 22
693 930 855 980 Cicero
884 947 981 992 pro
1015 932 1068 980 S.
1107 933 1281 980 Roscio
1320 946 1356 979 c.
1399 931 1508 979 XX
1541 932 1607 980 56
1705 933 1766 991 cf.
1805 930 1965 980 Arno-

289 1005 395 1052 bius
443 1004 524 1052 VI
556 1007 626 1052 20

433 1079 517 1140 31,
559 1080 588 1127 5
633 1077 796 1127 Cicero
835 1081 888 1127 in
927 1078 979 1127 C.
1029 1079 1225 1127 Verrem
1263 1083 1351 1128 act.
1374 1079 1446 1126 II
1480 1080 1526 1134 4,
1553 1081 1617 1126 96
1653 1077 1798 1126 Foris
1824 1077 1960 1125 aedis

283 1151 579 1213 effringunt:
619 1153 860 1200 aeditumi
899 1153 1229 1214 custodesque
1270 1155 1466 1200 mature
1507 1152 1728 1200 sentiunt

433 1227 517 1287 31,
561 1229 589 1274 7
641 1226 815 1286 Veryil.
854 1224 917 1273 A.
968 1226 1115 1274 VIII
1148 1228 1248 1274 698
1284 1226 1522 1274 Latrator
1560 1225 1756 1272 Anubis

433 1300 516 1361 31,
562 1302 625 1347 11
671 1299 835 1348 Cicero
873 1302 926 1348 in
966 1298 1018 1348 O.
1068 1299 1265 1348 Verrem
1303 1304 1391 1348 act.
1429 1300 1502 1347 II
1536 1299 1582 1354 5,
1622 1300 1722 1345 118
1771 1297 1964 1346 Aderat

283 1371 466 1419 ianitor
505 1374 733 1435 carceris,
772 1374 992 1420 carnifex
1029 1374 1299 1435 praetoris,
1338 1389 1472 1421 mors
1510 1375 1772 1434 terrorque
1814 1371 1966 1419 80010-

281 1461 395 1492 rum
434 1448 484 1492 et
523 1447 707 1494 ciuium
744 1447 1104 1508 Romanorum,
1156 1447 1304 1494 lictor
1343 1445 1563 1508 Sextius,
1617 1445 1697 1492 cui
1735 1460 1795 1493 ex
1833 1446 1968 1493 omni

281 1518 474 1581 gemitu
514 1520 783 1582 doloreque
821 1522 958 1568 certa
994 1535 1184 1568 merces
1233 1521 1640 1581 comparabatur:
1689 1521 1775 1580 „ut
1815 1519 1965 1566 adeas

281 1595 480 1640 tantum
504 1593 667 1655 dabis3
707 1596 765 1640 ut
787 1594 882 1641 tibi
907 1594 1072 1641 cibum
1094 1594 1435 1656 uestitumque
1458 1594 1592 1642 intro
1629 1593 1763 1640 ferre
1801 1592 1964 1653 liceat,

282 1662 511 1713 tantum“

237 1734 259 1750 ³
432 1741 515 1802 31,
560 1741 625 1788 21
679 1740 854 1801 Veryil.
892 1739 955 1788 A.
1006 1741 1086 1789 VI
1119 1743 1219 1788 406

431 1815 515 1875 32,
558 1815 624 1861 14
670 1814 895 1862 quenal.
945 1813 1093 1861 VIII
1124 1815 1226 1860 129
1273 1811 1463 1860 Cuncta
1500 1827 1590 1873 per
1629 1811 1813 1873 oppida
1851 1827 1959 1859 cur-

279 1886 358 1934 uis
398 1887 663 1948 Vnguibus
701 1887 775 1934 ire
813 1889 961 1948 parat
999 1887 1187 1934 cunctis
1226 1885 1493 1933 metuenda
1518 1884 1729 1933 Celaeno
1810 1884 1966 1932 XIII

282 1961 382 2007 169
419 1962 695 2022 raptusque
734 1976 824 2022 per
863 1975 982 2008 aera
1020 1960 1185 2008 curuis
1225 1959 1491 2022 Vnguibus

433 2035 516 2095 32,
545 2034 611 2081 25
652 2034 877 2082 quenal.
913 2034 1027 2081 VII
1045 2036 1144 2081 199
1181 2032 1324 2080 Α11113
1365 2032 1502 2080 aliud
1539 2048 1689 2094 quam
1728 2030 1874 2079 Sidus
1915 2033 1965 2079 et
2007 2030 2011 2033 ’

282 2106 464 2154 occulti
502 2107 730 2154 miranda
766 2107 994 2168 potentia
1031 2106 1161 2154 fati?
1253 2106 1394 2154 XVI
1428 2108 1458 2152 4
1497 2106 1610 2167 plus
1650 2105 1835 2153 etenim
1870 2104 1965 2152 fati

282 2180 421 2227 ualet
459 2181 584 2228 hora
622 2180 827 2243 benigni

431 2256 515 2316 34,
556 2256 587 2302 8
651 2254 830 2302 Seneca
867 2253 1118 2314 Apocoloc.
1155 2255 1228 2301 ΙΙ
1267 2255 1302 2300 3
1363 2253 1555 2301 Horam
1606 2267 1706 2299 non
1757 2266 1964 2312 possum

282 2330 471 2375 certam
507 2328 604 2375 tibi
643 2328 828 2376 dicere:
875 2328 1072 2375 facilius
1111 2328 1243 2375 inter
1280 2326 1603 2388 philosophos
1645 2340 1795 2386 quam
1832 2325 1964 2372 inter

222 2418 226 2419 ⁷
281 2400 544 2462 horologia
583 2401 863 2449 conueniet:
903 2404 1074 2449 tamen
1102 2402 1235 2449 inter
1261 2403 1452 2449 sextam
1475 2401 1526 2447 et
1550 2399 1815 2459 septimam
1838 2401 1946 2445 erat

431 2475 515 2536 35,
560 2477 627 2523 10
653 2490 758 2537 sqq.
796 2475 876 2522 Pl.
916 2475 1063 2535 1340501.
1103 2476 1143 2522 I
1175 2478 1221 2530 1,
1260 2476 1334 2522 22
1395 2473 1464 2520 Τ3
1503 2472 1617 2519 3010
1657 2471 1961 2533 percontari:

284 2562 487 2608 operam
527 2548 605 2609 da,
645 2563 798 2609 opera
835 2548 1116 2596 reddibitur
1152 2548 1247 2596 tib'i

433 2622 517 2682 36,
558 2622 588 2668 5
641 2622 721 2669 Pl.
763 2620 873 2670 Cas.
913 2622 985 2669 II
1019 2624 1064 2681 6,
1103 2623 1171 2669 30
1210 2625 1252 2669 et
1290 2620 1356 2668 50
1409 2618 1550 2675 Quod
1587 2618 1774 2666 bonum
1812 2619 1962 2679 atque
2031 2679 2032 2687 ἵ

281 2693 596 2741 fortunatum
634 2695 700 2742 sit
737 2695 863 2742 mihi
886 2721 948 2728 —-
1010 2695 1144 2743 Trin.
1170 2698 1233 2742 41
1272 2694 1524 2741 Venerare
1562 2694 1620 2739 ut
1657 2691 1802 2739 nobis
1840 2691 1963 2738 haec

282 2767 528 2815 habitatio
568 2767 709 2815 Bona
745 2768 915 2816 fausta
952 2768 1071 2815 felix
1108 2769 1462 2828 fortunataque
1502 2768 1681 2813 euenat

432 2842 515 2903 36,
557 2841 623 2887 15
663 2841 744 2888 Pl.
783 2841 925 2889 Stich.
964 2843 1069 2889 326
1117 2841 1356 2899 Quisnam
1394 2854 1598 2900 opsecro
1636 2839 1729 2887 has
1767 2837 1959 2898 frangit

281 2912 437 2962 foris?
513 2915 618 2961 327
657 2930 750 2961 3311
789 2915 956 2976 gratia
993 2915 1116 2963 foris
1157 2912 1428 2975 ecfringis‘?
