2032 3202
203 945 256 984 10

202 1312 255 1351 15

201 1680 255 1719 20

201 2055 254 2093 25

951 152 1314 204 —14—

292 268 567 320 amisisse?
643 268 778 320 LAR.
856 266 1106 321 Seruastiv
1140 271 1508 338 praeceptum!
1587 271 1813 339 speciale
1874 273 1983 328 hoc-

290 343 446 410 plane
500 344 603 410 est,
654 342 757 395 hoc
810 350 893 394 est
945 342 1086 411 quod
1139 343 1342 395 nemini
1397 346 1522 395 ante
1579 343 1684 396 hac
1733 346 1979 416 contigit.

292 415 429 476 Quid
452 415 653 484 igitur?
693 414 887 469 Nonne
916 416 1019 469 hoc
1049 417 1249 468 iustum
1279 416 1397 485 fuit,
1433 417 1655 469 bustum
1678 421 1738 470 ut
1763 420 1991 474 efferre&

290 488 465 540 filius?
543 489 721 551 QVER.
785 488 1002 558 Fateor,
1051 490 1143 542 sed
1188 492 1342 558 pater
1387 490 1505 558 ipse
1550 491 1686 543 nihil
1743 493 1975 563 reliquit.

290 561 425 614 LAR.
478 561 628 614 Dura
666 563 983 631 deploratio:
1030 563 1277 632 exequias
1315 564 1506 616 inanes
1543 565 1643 616 tibi
1682 567 1996 637 contigisse,

288 636 477 705 luges?
516 636 767 689 Irasceris
793 654 935 706 ergO,
973 644 1084 690 non
1108 636 1268 689 doles.
1299 638 1441 705 patri
1464 641 1606 690 certe
1636 639 1771 691 nihil
1797 640 1922 693 defu
1932 642 1982 693 it

287 709 491 779 tibique
537 709 694 762 hodie
738 711 872 763 nihil
935 710 1075 763 defit.
1151 709 1277 763 Non
1323 711 1466 762 enim
1516 711 1620 763 hoc
1665 731 1833 781 parua
1882 714 1973 767 he-

287 782 499 836 reditas,
575 782 933 837 Suscensesne
973 785 1121 837 senio
1162 785 1353 836 saltem
1391 785 1664 838 extremo?
1741 785 1973 840 Sibimet

288 858 436 925 uixit,
473 857 563 926 qui
596 876 803 926 semper
839 857 977 911 tibi?
1051 857 1275 913 Vtinam
1317 860 1379 909 tu
1423 858 1705 911 heredibus
1755 862 1968 914 tantum

286 931 578 1000 relinquas,
631 935 889 1000 quantum
933 931 1149 1000 reliquit
1193 931 1398 984 Euclio,
1480 930 1580 984 Dic
1634 951 1762 1003 ergo
1811 935 1973 1004 aliud,

287 1004 395 1056 iam
432 1005 591 1057 istinc
627 1004 762 1057 nihil
802 1006 975 1059 audio.
1046 1005 1223 1068 QVER.
1294 1003 1489 1058 Seruus
1528 1005 1660 1057 mihi
1691 1011 1772 1059 est
1813 1026 1971 1076 quem

287 1079 513 1130 tolerare
544 1096 766 1148 nequeo,
804 1079 1150 1132 Pantomalus
1182 1082 1236 1131 et
1265 1081 1443 1131 mente
1477 1082 1530 1131 et
1559 1080 1790 1133 nomine.
1831 1080 1964 1135 LAR.

287 1150 512 1204 Felicem
549 1155 602 1204 te
644 1151 884 1221 Querole,
924 1154 969 1205 si
999 1171 1138 1205 unus
1169 1153 1270 1205 tibi
1294 1156 1375 1205 est
1404 1152 1774 1206 Pantomalus:
1814 1157 1971 1208 multi

287 1225 631 1278 Pantomalos
670 1226 886 1278 habent.
941 1227 1120 1289 QVER.
1167 1225 1269 1279 Sed
1307 1227 1486 1295 plures
1519 1227 1675 1279 audio
1716 1229 1807 1297 qui
1845 1247 1972 1282 suos

289 1299 450 1351 etiam
488 1299 746 1352 laudant?
801 1300 937 1352 LAR.
991 1301 1090 1354 Isti
1128 1302 1334 1369 peiores
1372 1300 1586 1352 habent.
1643 1299 1821 1363 QVER.
1861 1300 1972 1355 Cur

286 1372 454 1442 igitur
496 1373 756 1425 laudant?
823 1373 958 1426 LAR.
1023 1374 1160 1436 Quia
1206 1374 1331 1442 quid
1377 1374 1671 1441 deperdant
1706 1375 1968 1428 nesciunt.

289 1445 468 1507 QVER.
507 1447 819 1515 Tempestas
850 1448 1079 1500 maxime
1117 1447 1323 1499 fructus
1354 1464 1500 1499 meos
1533 1447 1779 1500 abstulit:
1816 1466 1968 1501 num—

288 1520 415 1588 quid
438 1538 715 1573 commune
738 1520 839 1573 hoc
862 1521 1003 1574 fuit?
1041 1520 1177 1573 LAR.
1216 1520 1344 1573 Non
1374 1539 1482 1572 uno
1507 1538 1701 1590 genere
1724 1521 1970 1576 homines

286 1593 595 1662 puniuntur.
670 1594 791 1646 Tibi
828 1598 1120 1663 tempestas
1160 1595 1346 1662 obfuit,
1386 1595 1520 1646 alter
1559 1594 1702 1647 aliud
1731 1596 1969 1663 pertulit.

288 1667 465 1730 QVER.
505 1667 619 1721 Ohe
651 1672 926 1721 consortes
955 1669 1062 1722 mei
1091 1669 1200 1720 iam
1239 1668 1437 1733 dudum
1474 1668 1612 1719 nihil
1643 1668 1966 1721 incommodi

286 1742 633 1810 pertulerunt.
700 1740 835 1795 LAR.
895 1742 1061 1795 Fallis
1098 1742 1338 1810 turpiter.
1403 1741 1580 1803 QVER.
1642 1740 1727 1794 Da
1765 1761 1967 1811 quaeso

286 1816 520 1884 ueniam,
564 1817 883 1885 ignorabam
930 1816 1252 1884 peculiarem
1295 1814 1397 1866 tibi
1442 1833 1624 1866 curam
1672 1833 1788 1868 esse
1827 1815 1968 1869 hanc

287 1889 350 1940 de
412 1889 749 1942 consortibus
794 1889 942 1942 meiS.
1033 1889 1224 1941 Adhuc
1275 1888 1448 1940 habeo
1511 1888 1652 1957 quod
1714 1889 1967 1942 obiciam:

286 1961 510 2015 Vicinus
547 1963 678 2014 mihi
717 1963 888 2015 malus
928 1965 1022 2015 est.
1075 1961 1210 2014 LAR.
1264 1961 1402 2014 Ecce
1440 1979 1554 2013 rem
1592 1980 1715 2014 uere
1754 1963 1967 2015 malam.

287 2035 491 2088 Tamen
530 2035 755 2098 Querole
795 2036 858 2088 de
889 2054 995 2089 uno
1034 2036 1137 2088 isto
1179 2038 1437 2105 quantum
1485 2035 1647 2087 etiam
1691 2035 1777 2088 hic
1815 2055 1966 2105 prae-

288 2109 514 2162 stiterim
551 2110 694 2162 uide:
747 2108 999 2162 Vicinum
1044 2110 1244 2161 malum
1292 2109 1491 2178 pateris
1529 2127 1695 2161 unum
1733 2112 1965 2178 tantum3

288 2183 414 2252 quid
451 2183 658 2236 faciunt
694 2183 774 2235 illi
812 2185 903 2253 qui
941 2184 1118 2252 plures
1150 2183 1388 2235 habent?
1452 2182 1630 2244 QVER.
1693 2180 1967 2235 Conserua

286 2257 449 2309 istum
489 2274 684 2326 quaeso
724 2256 829 2309 Lar
864 2257 1160 2325 familiaris,
1200 2275 1263 2308 ex
1300 2259 1429 2310 uoto
1461 2275 1578 2308 meo
1618 2258 1766 2307 tuere
1806 2274 1964 2325 quem

287 2331 620 2399 praestitisti,
656 2349 722 2382 ne
746 2331 884 2384 forte
908 2334 1197 2384 nascantur
1221 2330 1340 2383 duo.
1385 2329 1520 2382 LAR.
1571 2328 1707 2390 Quid
1733 2329 1778 2380 si
1802 2330 1965 2382 etiam

400 2494 425 2532 2
456 2490 652 2534 antehac
681 2488 858 2532 nemini
886 2491 932 2533 P
1032 2495 1058 2533 3
1087 2489 1260 2532 iustum
1290 2488 1378 2532 hoc
1406 2488 1527 2543 PRp
1630 2491 1658 2529 4
1686 2487 1888 2543 reliquid
1917 2488 1965 2531 P

288 2549 313 2586 6
337 2550 440 2598 post
470 2545 684 2590 Irasceris
707 2550 934 2600 punctum
963 2550 1026 2589 est
1046 2545 1123 2600 Rp
1181 2551 1205 2588 7
1226 2545 1313 2588 fibi
1333 2544 1512 2599 tibique
1544 2542 1742 2600 Gamzey.
1802 2549 1828 2587 9
1854 2545 1962 2600 flui-

286 2601 355 2643 xit
387 2605 457 2644 (co
488 2615 546 2644 er.
577 2602 784 2656 uidetur)
814 2603 860 2646 P
930 2606 981 2645 10
1010 2601 1211 2657 reliquid
1241 2602 1287 2645 P
1381 2606 1431 2643 11
1462 2600 1571 2655 iam]
1602 2612 1711 2642 nam
1740 2598 1959 2643 Rittersh.

293 2662 340 2698 12
371 2656 599 2714 Pantom]
630 2658 757 2701 totus
785 2657 934 2701 malus
960 2670 1018 2703 ss.
1044 2670 1080 2712 p
1271 2663 1321 2701 13
1349 2655 1550 2699 Facilem
1583 2672 1625 2718 ,ω
1661 2655 1847 2698 felicem
1884 2655 1963 2710 Rp

290 2711 397 2766 ῥεῖα
434 2709 638 2767 ζώοντας
690 2714 867 2767 confert
899 2713 1063 2757 Barth.
1093 2717 1098 2766 Ι
1125 2713 1212 2757 tibi
1258 2726 1307 2756 es
1346 2713 1390 2755 L
1421 2715 1428 2762 Ι
1460 2711 1596 2753 multi
1642 2711 1810 2755 multos
1856 2711 1960 2755 Rit-
2031 2741 2032 2752 2

287 2769 420 2812 tersh.
615 2774 665 2812 16
695 2769 807 2824 quid
835 2769 1037 2826 perdant
1063 2770 1143 2825 Rp
1389 2773 1439 2810 17
1469 2767 1671 2810 maxima
1700 2767 1914 2812 Rittersh.
1952 2768 1956 2823 Ι

288 2824 510 2879 Nunquid
547 2825 590 2867 V
614 2825 735 2868 Lari
765 2825 846 2869 dat
875 2825 1052 2869 Daniel
1218 2830 1269 2869 18
1299 2823 1523 2879 homines]
1557 2837 1716 2866 omnes
1749 2823 1788 2866 0
1905 2828 1961 2867 20

290 2881 355 2924 Oe
386 2881 430 2923 L
463 2880 559 2925 Ohe
598 2881 640 2923 V
667 2880 757 2924 Sed
786 2881 833 2924 P
943 2887 999 2924 24
1029 2883 1098 2925 est
1126 2879 1275 2925 malus
1305 2882 1350 2924 P
1464 2885 1515 2923 27
1547 2879 1721 2922 faciant
1739 2879 1956 2924 Rittersh.

288 2941 341 2980 28
371 2937 397 2980 J
427 2942 533 2981 cmte
563 2951 619 2980 ex
656 2937 698 2980 V
719 2938 726 2993 Ι
751 2937 883 2981 tuere
914 2950 998 2982 om.
1031 2939 1091 2982 P‘
