2032 3202
898 136 950 143 -
1017 111 1252 154 XXXVIII
1317 137 1369 143 —

291 233 420 294 quod
453 234 656 281 admisit
687 236 874 296 auctor,
914 235 1032 283 fecit
1059 235 1192 283 idem
1223 236 1357 283 haud
1396 237 1558 298 dubie,
1599 237 1729 298 quod
1770 238 1967 285 saeculo

289 323 377 354 suo
431 307 482 353 id
534 307 807 368 plurimum
861 309 1103 356 celebrari
1156 312 1207 357 et
1258 310 1567 358 uolubilitati
1623 311 1865 359 sermonis
1915 311 1968 358 in

286 380 461 441 primis
501 383 675 441 aptum
712 381 921 444 uideret,
961 398 1050 431 nec
1073 386 1243 431 tamen
1267 384 1372 431 sine
1397 385 1696 432 auctoritate
1721 387 1965 432 ueterum.

289 453 480 514 Quippe
525 457 723 503 ueteres
765 455 917 503 etiam
969 457 1182 504 comicos
1222 457 1431 504 subinde
1469 459 1748 506 trochaicos
1788 474 1966 506 uersus

285 543 376 588 pro
415 527 595 576 iambis
634 544 905 590 usurpasse
945 532 995 577 et
1034 530 1086 576 in
1122 530 1184 579 iis
1223 531 1347 591 ipsis
1387 547 1572 594 magna
1609 531 1812 579 licentia
1848 547 1966 579 usos

287 617 395 648 esse
445 601 588 649 docet
628 603 837 651 Vossius
877 603 1041 651 Instit.
1082 604 1220 651 Poet.
1259 605 1343 651 lib.
1384 605 1457 667 ΙΙ,
1500 606 1566 652 25
1607 622 1655 667 p.
1701 607 1817 653 131.
1896 604 1968 652 Si-
2003 625 2007 631 ·

286 674 506 736 gillatim
545 675 604 723 de
631 676 866 724 Terentio
907 693 1053 738 quem
1091 677 1319 738 inprimis
1347 679 1486 739 sequi
1510 681 1560 726 et
1583 679 1771 726 imitari
1796 681 1969 726 auctor
2028 727 2032 732 ,

286 748 490 804 Queroli
527 749 742 812 uidetur,
782 751 834 797 id
858 751 1095 798 obseruat
1120 751 1405 799 Priscianus
1431 745 1515 817 (de
1554 752 1728 800 metris
1769 752 1967 801 comicis

284 839 332 883 p.
383 823 522 870 1326
574 823 798 871 Putsch.:
864 824 1115 872 Terentius
1167 825 1401 872 trochaico
1449 827 1595 873 mixto
1643 827 1721 873 uel
1771 827 2001 886 confuso*

286 911 394 943 eum
431 898 634 944 iambico
671 900 824 945 utitur
861 900 915 945 iu
951 912 1167 946 sermone
1189 912 1529 958 persouarum,
1569 900 1740 959 quibus
1761 900 1970 947 maxime

282 972 549 1030 imperitior
586 971 661 1018 hie
699 974 938 1026 conuertit,
979 986 1137 1031 quem,
1167 976 1304 1032 pute,
1343 976 1398 1020 ut
1433 974 1659 1027 imitetur,
1699 974 1823 1020 hane
1861 988 1966 1020 eort-

283 1045 519 1103 fusionem
540 1045 868 1104 rhythmorum
891 1045 1085 1106 faeere).
1128 1045 1317 1102 Quodsi
1343 1047 1509 1108 ipsum
1532 1049 1749 1094 metrum
1787 1061 1967 1107 parum

284 1120 453 1165 exacte
500 1118 792 1166 Obseruauit
839 1121 1013 1167 auctor
1060 1119 1345 1181 passimque
1392 1120 1661 1167 fluentibus
1711 1121 1815 1167 sine
1853 1121 1966 1182 lege

283 1191 452 1239 uerbis
491 1207 614 1240 usus
658 1195 748 1254 est⁷
786 1193 953 1240 nescio
994 1208 1059 1239 an
1098 1193 1271 1240 eadem
1308 1194 1360 1240 in
1398 1209 1453 1240 re
1491 1195 1720 1240 ueterum
1760 1194 1965 1242 comico-

283 1281 396 1311 rum
436 1266 659 1327 exemplo
701 1282 754 1314 se
795 1267 919 1314 satis
958 1267 1091 1315 tueri
1128 1267 1311 1329 possit,
1360 1267 1443 1328 qui
1490 1282 1789 1328 quamquam
1830 1283 1967 1315 sena-

282 1339 370 1386 riis
415 1339 551 1400 loqui
590 1340 820 1388 uersibus
844 1342 1101 1402 putantur⁷
1141 1356 1224 1388 eos
1263 1343 1435 1388 tamen
1470 1341 1644 1388 multis
1682 1341 1842 1388 modis
1880 1341 1967 1387 im-

284 1429 368 1459 mu
382 1414 492 1460 tant
547 1416 598 1460 et
653 1428 800 1474 saepe
853 1416 999 1461 tanta
1051 1414 1253 1461 licentia
1305 1417 1507 1475 tamque
1560 1414 1764 1461 turbato
1819 1415 1967 1461 metri

280 1490 453 1534 tenore
492 1486 756 1548 fluctuant,
803 1489 862 1534 ut
909 1487 1178 1534 difficulter
1214 1503 1420 1535 uersum
1458 1490 1508 1534 et
1546 1503 1778 1535 numeros
1817 1488 1961 1535 intel-

281 1560 411 1622 ligas
452 1553 647 1625 (Oicero
679 1561 733 1607 in
757 1559 895 1609 Orat.
920 1576 959 1608 c.
989 1562 1080 1608 55:
1119 1559 1190 1608 At
1227 1563 1512 1609 comicorum
1550 1563 1734 1609 senarii
1762 1565 1965 1621 propter

279 1635 639 1682 similitudinem
689 1636 921 1682 sermonis
966 1637 1035 1682 sie
1080 1649 1221 1694 saepe
1259 1639 1372 1682 sunt
1409 1637 1604 1690 abiecti,
1642 1638 1697 1681 ut
1732 1649 1965 1682 mimum·
2022 1645 2032 1652 “

282 1723 428 1767 quam
474 1710 560 1755 uix
607 1710 661 1756 iu
697 1709 772 1756 his
809 1722 1038 1756 uumerus
1077 1713 1119 1755 et
1155 1722 1327 1756 uersus
1363 1709 1565 1768 iutelliqi
1591 1709 1784 1768 possit).
1860 1707 1966 1770 Ipsi

281 1781 535 1829 affirmant
575 1782 893 1844 grammatici
930 1784 1129 1829 ueteres
1170 1781 1380 1842 comicos
1438 1797 1585 1842 saepe
1622 1782 1963 1844 negligentius

281 1857 500 1903 tractare
538 1871 716 1903 uersus
756 1855 993 1902 iambicos
1034 1857 1084 1902 et
1122 1870 1279 1915 paene
1318 1855 1571 1903 resoluere
1607 1854 1671 1901 ad
1693 1855 1965 1917 imaginem

282 1944 462 1991 prosae
502 1928 765 1990 orationis⁷
816 1931 873 1975 ut
921 1928 1184 1976 similiores
1234 1929 1450 1976 sermoni
1487 1928 1726 1975 familiari
1762 1929 1963 1976 faciant.

282 2002 363 2050 Sic
404 2002 734 2050 Terentianus
773 2002 978 2049 Maurus
1019 2002 1079 2049 de
1117 2002 1315 2049 metris:
1366 2001 1461 2050 Sed
1498 2005 1581 2061 qui
1608 2003 1853 2062 pedestres
1889 2003 1965 2062 fa-

285 2077 424 2124 bulas
469 2090 600 2123 socco
641 2079 873 2136 premunt
915 2101 976 2108 —
1019 2076 1320 2135 Paulumque
1364 2090 1539 2124 rursus
1584 2091 1616 2123 a
1661 2076 1828 2123 solutis
1872 2077 1965 2134 dif-

287 2151 461 2209 ferant.
555 2145 659 2213 (Sic
714 2152 764 2197 et
820 2150 1101 2196 Euanthius
1158 2149 1290 2210 apud
1344 2149 1578 2196 Rufinum
1634 2148 1850 2196 Gramm.
1913 2148 1965 2194 in

286 2225 545 2270 comment.
570 2223 623 2270 in
661 2226 824 2270 metra
848 2222 1092 2270 Terentii:
1131 2223 1342 2270 Veteres
1384 2223 1479 2270 etsi
1517 2222 1597 2270 usi
1634 2222 1731 2283 ipsi
1770 2237 1963 2283 quoque

282 2322 354 2330 ·—
395 2296 457 2344 ad
496 2297 767 2359 imaginem
805 2312 984 2358 prosae
1025 2291 1304 2361 orationis.)
