2032 3202
894 187 945 194 -
1010 159 1204 204 XXXIV
1267 185 1322 193 -
1348 136 1351 140 ’

255 286 356 333 suis
412 287 585 332 iuuare
641 284 881 332 solebant.
970 284 1077 333 Hoc
1130 285 1181 331 in
1230 283 1404 345 primis
1456 283 1516 330 de
1567 282 1939 344 Hephaestione
2025 309 2032 311 -

255 358 468 420 quodam
514 357 769 418 praedicat
818 357 1144 419 Symmachus
1198 357 1283 404 lib.
1324 357 1383 404 V.
1431 357 1591 418 Epist.
1645 358 1735 417 35,
1792 372 1939 418 quem

256 433 403 479 simul
442 432 688 490 hortatur,
727 434 804 478 ut*
825 431 1046 478 eruditos
1085 430 1310 491 hospites
1351 430 1612 491 dignitatis
1641 445 1762 478 suae
1788 429 1943 491 copiis

257 508 452 566 pascat,
499 509 759 564 postquam
797 504 1051 552 Romanae
1102 505 1366 552 iuuentutis
1419 506 1665 564 mayc'stris
1726 504 1963 551 subsidia*

255 579 482 626 sollemnis
521 580 779 626 alimoniae
816 580 1031 625 detracta
1068 579 1176 624 sint.
1252 577 1359 625 Hoc
1397 577 1530 624 idem
1571 578 1612 624 si
1650 577 1780 624 forte
1820 577 1940 624 acci·
2002 617 2008 630 ,

262 653 334 699 dit
366 653 558 699 auctori
584 651 799 713 Queroli,
841 653 1049 712 apparet
1073 651 1218 712 ratio,
1259 666 1345 697 cur
1377 651 1648 698 amicitiam
1687 654 1737 698 et
1775 653 1941 712 patro-

256 726 442 772 cinium
479 726 658 773 Rutilii
697 725 821 772 adeo
863 726 1083 772 extollat.
1164 723 1305 780 Quod
1348 727 1518 771 autem
1558 740 1609 771 se
1649 724 1942 785 propinquis

254 800 432 846 Rutilii
486 802 804 860 annumerat,
860 799 911 845 id
961 815 1039 845 me
1086 797 1338 845 recordari
1386 798 1508 845 facit
1544 798 1761 846 Palladia·
1798 813 1945 859 quem

255 874 473 921 Rutilius
526 874 620 920 sibi
671 888 852 934 genere
907 873 1241 934 propinquum
1290 874 1485 933 narrat,
1541 870 1737 919 Ostiam
1785 887 1942 932 usque

256 963 364 995 sese
411 949 732 1008 prosecutum
777 947 990 1008 indeque
1028 947 1240 994 Romam
1287 945 1351 992 ad
1397 945 1565 992 studia
1611 945 1734 992 iuris
1773 960 1938 1006 perse-

255 1021 450 1082 quenda
495 1021 760 1068 remissum
808 1035 939 1082 esse,
985 1020 1100 1067 Itin.
1144 1022 1191 1078 1,
1236 1021 1356 1066 208.
1434 1018 1592 1075 Quem
1632 1018 1832 1080 quidem
1871 1018 1940 1065 af-

254 1095 454 1141 firmare
493 1095 649 1142 nolim
687 1094 853 1154 ipsum
891 1109 1000 1141 esse
1026 1093 1228 1150 Queroli
1253 1095 1522 1154 auctorem,
1563 1108 1741 1139 uerum
1771 1094 1942 1139 tamen

255 1169 315 1214 sle
361 1169 459 1215 alio
500 1168 725 1215 Palladio
772 1168 824 1214 id
870 1167 1087 1215 fortasse
1133 1166 1445 1228 probabilius
1495 1166 1738 1227 suspicari
1775 1165 1938 1227 liceat,

257 1242 340 1302 qui
390 1242 595 1303 antiquo
647 1242 699 1287 in
748 1244 1067 1288 monumento
1119 1240 1355 1287 laudatur
1394 1242 1545 1301 atque
1587 1238 1759 1287 Ostiae
1798 1239 1939 1300 uixit,

256 1319 307 1362 et
346 1319 553 1376 propter
591 1316 757 1376 ipsum
781 1315 995 1361 Palladii
1033 1330 1224 1375 nomen,
1266 1314 1397 1374 quod
1429 1313 1663 1375 frequens
1687 1313 1742 1360 in
1764 1327 1943 1374 cogna-

255 1389 391 1436 tione
440 1392 492 1435 et
540 1389 732 1435 familia
770 1389 948 1435 Rutilii
996 1389 1153 1436 fuisse
1192 1387 1414 1449 uidetur,
1469 1387 1603 1434 inter
1639 1386 1943 1447 propinquos

258 1463 364 1510 eius
421 1462 599 1509 referri
654 1464 836 1523 potest.
939 1461 1067 1508 Huic
1123 1461 1356 1508 defuncto
1409 1461 1512 1507 tale
1567 1454 1945 1507 monumentum

256 1537 423 1596 posuit
461 1537 619 1583 Iulius
659 1536 972 1596 Nicephorus
1011 1539 1180 1597 pater,
1235 1535 1365 1596 quod
1411 1534 1544 1581 inter
1590 1533 1941 1595 inscriptiones

255 1613 450 1656 ueteres
506 1613 556 1657 et
609 1609 662 1657 in
713 1609 989 1656 Burmanni
1042 1604 1264 1656 Antholj
1298 1607 1409 1655 Lat.
1448 1608 1534 1655 lib.
1573 1607 1661 1669 IV⁷
1701 1623 1776 1668 ep.
1820 1608 1940 1668 220,

256 1684 463 1744 legitur,
514 1683 657 1731 nobis
706 1683 825 1730 olim
863 1683 963 1730 iam
1001 1684 1098 1730 alio
1138 1683 1244 1730 1000
1299 1681 1559 1728 laudatum
1623 1678 1784 1741 [Poet.
1826 1679 1937 1727 Lat.

257 1757 372 1804 min.
414 1757 550 1804 Tom.
589 1756 679 1804 ΙΙΙ.
718 1774 764 1818 p.
791 1755 965 1818 344.]:

532 1868 589 1909 Vt
621 1872 673 1921 te,
708 1867 913 1920 Palladi,
944 1870 1129 1922 raptum
1158 1867 1319 1922 fleam-e
1351 1865 1587 1919 Camenae,

522 1926 780 1970 Fleuerunt
802 1926 983 1981 populi,
1015 1938 1125 1981 quos
1156 1926 1352 1969 eontinet
1385 1924 1516 1990 Ostia
1548 1925 1642 1968 dia.

258 2050 364 2098 Hoc
403 2051 623 2112 elogium
659 2052 807 2112 plane
853 2051 1055 2098 uidetur
1094 2065 1382 2111 expressum
1421 2066 1531 2098 esse
1571 2065 1630 2096 ex
1668 2049 1939 2110 epitaphiis

259 2140 384 2185 quae
424 2125 543 2172 olim
566 2125 759 2172 Naeuio
785 2127 835 2171 et
859 2124 1039 2171 Plauto
1081 2124 1279 2171 comicis
1319 2124 1480 2185 poetis
1520 2123 1687 2184 posita
1709 2122 1941 2169 dicuntur

260 2198 393 2259 apud
434 2197 652 2246 Gellium
694 2196 860 2259 [Noct.
894 2198 1047 2245 Attio.
1087 2198 1172 2244 lib.
1197 2198 1222 2244 I
1262 2214 1299 2245 c.
1327 2196 1434 2259 24].
1488 2196 1744 2244 Palladius
1783 2195 1942 2256 igitur

262 2272 342 2318 hic
383 2272 615 2319 similiter
653 2273 853 2319 uidetur
893 2272 954 2319 ob
994 2272 1167 2332 poesin
1205 2272 1443 2319 comicam
1479 2269 1686 2331 laudari,
1726 2284 1823 2330 qua
1861 2268 1941 2315 de-

258 2346 396 2393 licias
454 2346 629 2393 fecerit
679 2347 862 2407 populo
913 2344 1146 2394 Ostiensi.
1224 2345 1416 2406 Populo
1465 2345 1595 2392 enim
1641 2358 1692 2390 se
1739 2357 1942 2403 operam

259 2419 378 2465 dare
426 2420 595 2467 dicunt
635 2418 820 2467 Comici
875 2422 925 2466 et
963 2419 1204 2480 populum
1241 2421 1424 2466 uocant
1464 2418 1769 2479 spectatores
1810 2431 1940 2463 suos.

261 2492 526 2541 Terentius
573 2494 625 2540 in
672 2494 889 2559 Prologo
928 2492 1168 2539 Andriae:
1229 2493 1377 2541 Poeta
1412 2492 1465 2539 id
1501 2491 1592 2538 sibi
1630 2490 1829 2537 credidit
1863 2503 1942 2536 ne-

254 2568 373 2624 yotz'i
412 2568 547 2621 dari,
593 2568 777 2627 Populo
823 2571 879 2614 ut
916 2567 1166 2626 placerent
1211 2581 1333 2626 quas
1369 2566 1555 2625 fecisset
1590 2563 1798 2622 fabulas.
1874 2562 1941 2608 Et

258 2640 366 2700 ipse
406 2639 590 2688 Noster
629 2641 681 2687 in
718 2641 936 2702 Prologo
987 2636 1055 2700 [p.
1097 2641 1151 2700 5,
1198 2637 1311 2700 19]:
1372 2638 1524 2685 Nemo
1577 2638 1764 2684 sibimet
1815 2636 1940 2683 arbi-

263 2716 412 2760 tretur
451 2714 569 2767 clici,
621 2715 744 2772 quod
780 2729 867 2761 nos
896 2714 1078 2773 populo
1117 2715 1331 2760 dicimus.
1409 2709 1651 2767 Querolus
1690 2725 1811 2757 uero
1852 2707 1941 2756 Oo-

260 2786 455 2834 moedia
494 2790 606 2834 acta
645 2790 695 2834 et
733 2787 990 2848 proposita
1028 2786 1230 2834 uidetur
1270 2784 1453 2833 Ostiae.
1530 2783 1771 2831 Nonnulli
1809 2783 1939 2830 enim

258 2859 354 2906 loci
403 2861 508 2907 eius
558 2860 840 2922 significant
886 2859 1110 2907 fabulam
1157 2860 1243 2922 agi
1287 2859 1339 2905 in
1390 2857 1596 2904 aedibus
1636 2858 1689 2903 in
1726 2857 1836 2917 ripa
1873 2855 1937 2902 ad

265 2934 447 2980 flumen
498 2934 674 2995 positis
725 2937 775 2980 et
821 2934 883 2980 ad
929 2933 1063 2980 uiam
1108 2931 1438 2994 piscatoribus
1485 2931 1852 2991 frequentatam
1890 2931 1941 2975 et
