<?xml version="1.0" encoding="UTF-8"?>
<!DOCTYPE html PUBLIC "-//W3C//DTD XHTML 1.0 Transitional//EN"
    "http://www.w3.org/TR/xhtml1/DTD/xhtml1-transitional.dtd">
<html xmlns="http://www.w3.org/1999/xhtml" xml:lang="en" lang="en">
 <head>
  <title>
</title>
<meta http-equiv="Content-Type" content="text/html;charset=utf-8" />
  <meta name='ocr-system' content='tesseract 3.04.00' />
  <meta name='ocr-capabilities' content='ocr_page ocr_carea ocr_par ocr_line ocrx_word'/>
</head>
<body>
  <div class='ocr_page' id='page_1' title='image "aululariasiveque00peipuoft_0082.png"; bbox 0 0 2032 3202; ppageno 0'>
   <div class='ocr_carea' id='block_1_1' title="bbox 1903 0 2032 251">
    <p class='ocr_par' dir='ltr' id='par_1_1' title="bbox 1903 0 2032 251">
     <span class='ocr_line' id='line_1_1' title="bbox 1903 0 2032 251; baseline 0 2951"><span class='ocrx_word' id='word_1_1' title='bbox 1903 0 2032 251; x_wconf 95' lang='lat' dir='ltr'> </span> 
     </span>
    </p>
   </div>
   <div class='ocr_carea' id='block_1_2' title="bbox 836 157 1201 215">
    <p class='ocr_par' dir='ltr' id='par_1_2' title="bbox 836 157 1201 215">
     <span class='ocr_line' id='line_1_2' title="bbox 836 157 1201 215; baseline 0 -16"><span class='ocrx_word' id='word_1_2' title='bbox 836 157 1201 215; x_wconf 46' lang='lat'>*38*—</span> 
     </span>
    </p>
   </div>
   <div class='ocr_carea' id='block_1_3' title="bbox 81 278 2029 1966">
    <p class='ocr_par' dir='ltr' id='par_1_3' title="bbox 169 278 2029 563">
     <span class='ocr_line' id='line_1_3' title="bbox 171 278 1860 350; baseline 0.001 -18"><span class='ocrx_word' id='word_1_3' title='bbox 171 298 259 332; x_wconf 85' lang='lat' dir='ltr'>sus</span> <span class='ocrx_word' id='word_1_4' title='bbox 315 298 426 332; x_wconf 91' lang='lat' dir='ltr'>non</span> <span class='ocrx_word' id='word_1_5' title='bbox 480 279 595 332; x_wconf 85' lang='lat' dir='ltr'>uolt</span> <span class='ocrx_word' id='word_1_6' title='bbox 643 297 816 348; x_wconf 89' lang='lat' dir='ltr'>neque</span> <span class='ocrx_word' id='word_1_7' title='bbox 873 279 1260 348; x_wconf 75' lang='lat' dir='ltr'>circumueniri,</span> <span class='ocrx_word' id='word_1_8' title='bbox 1314 283 1375 331; x_wconf 87' lang='lat' dir='ltr'>ut</span> <span class='ocrx_word' id='word_1_9' title='bbox 1415 278 1628 350; x_wconf 83' lang='lat' dir='ltr'>solent].</span> <span class='ocrx_word' id='word_1_10' title='bbox 1709 279 1860 341; x_wconf 81' lang='lat' dir='ltr'>Quis-</span> 
     </span>
     <span class='ocr_line' id='line_1_4' title="bbox 170 352 2002 424; baseline 0.001 -19"><span class='ocrx_word' id='word_1_11' title='bbox 170 371 398 422; x_wconf 82' lang='lat' dir='ltr'>quamne</span> <span class='ocrx_word' id='word_1_12' title='bbox 456 352 580 405; x_wconf 91' lang='lat' dir='ltr'>huic</span> <span class='ocrx_word' id='word_1_13' title='bbox 634 353 806 422; x_wconf 85' lang='lat' dir='ltr'>possit</span> <span class='ocrx_word' id='word_1_14' title='bbox 860 354 994 405; x_wconf 88' lang='lat' dir='ltr'>bene</span> <span class='ocrx_word' id='word_1_15' title='bbox 1042 356 1135 404; x_wconf 87' lang='lat' dir='ltr'>aut</span> <span class='ocrx_word' id='word_1_16' title='bbox 1193 354 1390 405; x_wconf 91' lang='lat' dir='ltr'>seruire</span> <span class='ocrx_word' id='word_1_17' title='bbox 1455 357 1549 405; x_wconf 87' lang='lat' dir='ltr'>aut</span> <span class='ocrx_word' id='word_1_18' title='bbox 1603 354 1862 424; x_wconf 75' lang='lat' dir='ltr'>obsequi?</span> <span class='ocrx_word' id='word_1_19' title='bbox 1999 417 2002 420; x_wconf 14' lang='grc' dir='ltr'><strong>Δ</strong></span> 
     </span>
     <span class='ocr_line' id='line_1_5' title="bbox 169 423 2029 514; baseline 0.002 -35"><span class='ocrx_word' id='word_1_20' title='bbox 169 427 396 479; x_wconf 78' lang='lat' dir='ltr'>calidam</span> <span class='ocrx_word' id='word_1_21' title='bbox 434 425 700 479; x_wconf 84' lang='lat' dir='ltr'>fumosam</span> <span class='ocrx_word' id='word_1_22' title='bbox 736 445 848 479; x_wconf 89' lang='lat' dir='ltr'>non</span> <span class='ocrx_word' id='word_1_23' title='bbox 886 427 1002 478; x_wconf 91' lang='lat' dir='ltr'>uolt</span> <span class='ocrx_word' id='word_1_24' title='bbox 1038 445 1210 496; x_wconf 90' lang='lat' dir='ltr'>neque</span> <span class='ocrx_word' id='word_1_25' title='bbox 1251 427 1439 479; x_wconf 79' lang='lat' dir='ltr'>calices</span> <span class='ocrx_word' id='word_1_26' title='bbox 1481 430 1862 496; x_wconf 88' lang='lat' dir='ltr'>unguentatos.</span> <span class='ocrx_word' id='word_1_27' title='bbox 1980 423 2029 514; x_wconf 60' lang='lat'>{1⁴</span> 
     </span>
     <span class='ocr_line' id='line_1_6' title="bbox 170 499 2029 563; baseline 0.001 -12"><span class='ocrx_word' id='word_1_28' title='bbox 170 499 444 561; x_wconf 83' lang='lat' dir='ltr'>Quaenam</span> <span class='ocrx_word' id='word_1_29' title='bbox 492 499 594 552; x_wconf 87' lang='lat' dir='ltr'>hae</span> <span class='ocrx_word' id='word_1_30' title='bbox 640 503 766 552; x_wconf 84' lang='lat' dir='ltr'>sunt</span> <span class='ocrx_word' id='word_1_31' title='bbox 823 500 1080 552; x_wconf 77' lang='lat' dir='ltr'>deliciae?</span> <span class='ocrx_word' id='word_1_32' title='bbox 1151 501 1423 553; x_wconf 88' lang='lat' dir='ltr'>urceolum</span> <span class='ocrx_word' id='word_1_33' title='bbox 1478 504 1762 553; x_wconf 89' lang='lat' dir='ltr'>contusum</span> <span class='ocrx_word' id='word_1_34' title='bbox 1810 505 1882 554; x_wconf 85' lang='lat' dir='ltr'>et.</span> <span class='ocrx_word' id='word_1_35' title='bbox 2007 518 2029 563; x_wconf 63' lang='lat' dir='ltr'>q·</span> 
     </span>
    </p>

    <p class='ocr_par' dir='ltr' id='par_1_4' title="bbox 111 559 2029 936">
     <span class='ocr_line' id='line_1_7' title="bbox 111 559 2029 643; baseline 0.001 -18"><span class='ocrx_word' id='word_1_36' title='bbox 111 591 136 630; x_wconf 86' lang='lat'>5</span> <span class='ocrx_word' id='word_1_37' title='bbox 171 572 477 640; x_wconf 85' lang='lat' dir='ltr'>infractum,</span> <span class='ocrx_word' id='word_1_38' title='bbox 517 573 875 642; x_wconf 81' lang='lat' dir='ltr'>oenophorum</span> <span class='ocrx_word' id='word_1_39' title='bbox 901 574 1324 626; x_wconf 86' lang='lat' dir='ltr'>exauriculatum</span> <span class='ocrx_word' id='word_1_40' title='bbox 1349 576 1402 626; x_wconf 87' lang='lat' dir='ltr'>et</span> <span class='ocrx_word' id='word_1_41' title='bbox 1426 574 1712 643; x_wconf 80' lang='lat' dir='ltr'>sordidum,</span> <span class='ocrx_word' id='word_1_42' title='bbox 1753 594 1861 627; x_wconf 88' lang='lat' dir='ltr'>am·</span> <span class='ocrx_word' id='word_1_43' title='bbox 1987 559 2029 643; x_wconf 49' lang='lat' dir='ltr'>,l</span> 
     </span>
     <span class='ocr_line' id='line_1_8' title="bbox 169 646 2029 715; baseline 0.002 -17"><span class='ocrx_word' id='word_1_44' title='bbox 169 648 373 715; x_wconf 89' lang='lat' dir='ltr'>pullam</span> <span class='ocrx_word' id='word_1_45' title='bbox 412 650 658 700; x_wconf 88' lang='lat' dir='ltr'>truncam</span> <span class='ocrx_word' id='word_1_46' title='bbox 696 648 1059 715; x_wconf 69' lang='lat' dir='ltr'>rimosamque</span> <span class='ocrx_word' id='word_1_47' title='bbox 1084 647 1280 713; x_wconf 70' lang='lat' dir='ltr'>depstis</span> <span class='ocrx_word' id='word_1_48' title='bbox 1305 647 1497 699; x_wconf 88' lang='lat' dir='ltr'>fultam</span> <span class='ocrx_word' id='word_1_49' title='bbox 1522 649 1711 700; x_wconf 89' lang='lat' dir='ltr'>cerulis</span> <span class='ocrx_word' id='word_1_50' title='bbox 1751 667 1862 701; x_wconf 88' lang='lat' dir='ltr'>non</span> <span class='ocrx_word' id='word_1_51' title='bbox 2023 646 2029 675; x_wconf 67' lang='lat'><em>÷</em></span> 
     </span>
     <span class='ocr_line' id='line_1_9' title="bbox 170 721 1862 790; baseline 0.001 -17"><span class='ocrx_word' id='word_1_52' title='bbox 170 721 482 790; x_wconf 87' lang='lat' dir='ltr'>simpliciter</span> <span class='ocrx_word' id='word_1_53' title='bbox 535 721 800 773; x_wconf 87' lang='lat' dir='ltr'>intuetur:</span> <span class='ocrx_word' id='word_1_54' title='bbox 876 721 1040 773; x_wconf 88' lang='lat' dir='ltr'>bilem</span> <span class='ocrx_word' id='word_1_55' title='bbox 1094 724 1275 772; x_wconf 87' lang='lat' dir='ltr'>tenere</span> <span class='ocrx_word' id='word_1_56' title='bbox 1329 721 1421 772; x_wconf 81' lang='lat' dir='ltr'>uix</span> <span class='ocrx_word' id='word_1_57' title='bbox 1474 724 1668 788; x_wconf 87' lang='lat' dir='ltr'>potest.</span> <span class='ocrx_word' id='word_1_58' title='bbox 1745 721 1862 774; x_wconf 89' lang='lat' dir='ltr'>Iam</span> 
     </span>
     <span class='ocr_line' id='line_1_10' title="bbox 169 794 1860 864; baseline 0.001 -18"><span class='ocrx_word' id='word_1_59' title='bbox 169 794 471 864; x_wconf 87' lang='lat' dir='ltr'>excogitare</span> <span class='ocrx_word' id='word_1_60' title='bbox 509 812 739 863; x_wconf 81' lang='lat' dir='ltr'>nequeo,</span> <span class='ocrx_word' id='word_1_61' title='bbox 786 795 912 864; x_wconf 89' lang='lat' dir='ltr'>quid</span> <span class='ocrx_word' id='word_1_62' title='bbox 963 795 1034 846; x_wconf 89' lang='lat' dir='ltr'>sit</span> <span class='ocrx_word' id='word_1_63' title='bbox 1081 794 1222 863; x_wconf 88' lang='lat' dir='ltr'>quod</span> <span class='ocrx_word' id='word_1_64' title='bbox 1272 797 1384 846; x_wconf 89' lang='lat' dir='ltr'>tam</span> <span class='ocrx_word' id='word_1_65' title='bbox 1430 795 1612 862; x_wconf 87' lang='lat' dir='ltr'>prauis</span> <span class='ocrx_word' id='word_1_66' title='bbox 1652 796 1860 863; x_wconf 86' lang='lat' dir='ltr'>placere</span> 
     </span>
     <span class='ocr_line' id='line_1_11' title="bbox 166 867 1873 936; baseline 0 -16"><span class='ocrx_word' id='word_1_67' title='bbox 166 869 340 936; x_wconf 87' lang='lat' dir='ltr'>possit</span> <span class='ocrx_word' id='word_1_68' title='bbox 394 868 648 922; x_wconf 88' lang='lat' dir='ltr'>moribus.</span> <span class='ocrx_word' id='word_1_69' title='bbox 725 867 929 921; x_wconf 85' lang='lat' dir='ltr'>Vinum</span> <span class='ocrx_word' id='word_1_70' title='bbox 984 871 1162 920; x_wconf 89' lang='lat' dir='ltr'>autem</span> <span class='ocrx_word' id='word_1_71' title='bbox 1216 869 1524 935; x_wconf 89' lang='lat' dir='ltr'>corruptum</span> <span class='ocrx_word' id='word_1_72' title='bbox 1562 871 1873 920; x_wconf 87' lang='lat' dir='ltr'>tenuatum--</span> 
     </span>
    </p>

    <p class='ocr_par' dir='ltr' id='par_1_5' title="bbox 82 939 1865 1306">
     <span class='ocr_line' id='line_1_12' title="bbox 82 939 1863 1011; baseline 0.001 -18"><span class='ocrx_word' id='word_1_73' title='bbox 82 959 136 999; x_wconf 88' lang='lat'>10</span> <span class='ocrx_word' id='word_1_74' title='bbox 170 959 271 1011; x_wconf 90' lang='lat' dir='ltr'>que</span> <span class='ocrx_word' id='word_1_75' title='bbox 311 941 543 1010; x_wconf 82' lang='lat' dir='ltr'>lymphis</span> <span class='ocrx_word' id='word_1_76' title='bbox 596 941 852 995; x_wconf 85' lang='lat' dir='ltr'>continuo</span> <span class='ocrx_word' id='word_1_77' title='bbox 909 942 1190 1011; x_wconf 72' lang='lat' dir='ltr'>intellegit.</span> <span class='ocrx_word' id='word_1_78' title='bbox 1285 939 1526 994; x_wconf 81' lang='lat' dir='ltr'>Solemus</span> <span class='ocrx_word' id='word_1_79' title='bbox 1583 942 1747 994; x_wconf 89' lang='lat' dir='ltr'>etiam</span> <span class='ocrx_word' id='word_1_80' title='bbox 1785 942 1863 994; x_wconf 71' lang='lat' dir='ltr'>ui-</span> 
     </span>
     <span class='ocr_line' id='line_1_13' title="bbox 165 1015 1864 1085; baseline 0 -18"><span class='ocrx_word' id='word_1_81' title='bbox 165 1033 294 1068; x_wconf 88' lang='lat' dir='ltr'>num</span> <span class='ocrx_word' id='word_1_82' title='bbox 335 1015 464 1067; x_wconf 89' lang='lat' dir='ltr'>uino</span> <span class='ocrx_word' id='word_1_83' title='bbox 512 1015 827 1068; x_wconf 86' lang='lat' dir='ltr'>admiscere:</span> <span class='ocrx_word' id='word_1_84' title='bbox 881 1015 1156 1085; x_wconf 87' lang='lat' dir='ltr'>Numquid</span> <span class='ocrx_word' id='word_1_85' title='bbox 1208 1015 1565 1067; x_wconf 71' lang='lat' dir='ltr'>adulterinum</span> <span class='ocrx_word' id='word_1_86' title='bbox 1622 1015 1726 1068; x_wconf 91' lang='lat' dir='ltr'>dici</span> <span class='ocrx_word' id='word_1_87' title='bbox 1762 1016 1864 1068; x_wconf 87' lang='lat' dir='ltr'>hoc</span> 
     </span>
     <span class='ocr_line' id='line_1_14' title="bbox 166 1089 1860 1159; baseline 0 -17"><span class='ocrx_word' id='word_1_88' title='bbox 166 1091 362 1158; x_wconf 83' lang='lat' dir='ltr'>potest,</span> <span class='ocrx_word' id='word_1_89' title='bbox 401 1107 522 1142; x_wconf 90' lang='lat' dir='ltr'>cum</span> <span class='ocrx_word' id='word_1_90' title='bbox 560 1089 790 1159; x_wconf 84' lang='lat' dir='ltr'>lagoena</span> <span class='ocrx_word' id='word_1_91' title='bbox 828 1092 1007 1142; x_wconf 90' lang='lat' dir='ltr'>uetere</span> <span class='ocrx_word' id='word_1_92' title='bbox 1047 1091 1281 1141; x_wconf 85' lang='lat' dir='ltr'>castrata</span> <span class='ocrx_word' id='word_1_93' title='bbox 1328 1107 1453 1141; x_wconf 89' lang='lat' dir='ltr'>suco</span> <span class='ocrx_word' id='word_1_94' title='bbox 1493 1108 1677 1142; x_wconf 87' lang='lat' dir='ltr'>rursus</span> <span class='ocrx_word' id='word_1_95' title='bbox 1718 1107 1860 1142; x_wconf 90' lang='lat' dir='ltr'>com-</span> 
     </span>
     <span class='ocr_line' id='line_1_15' title="bbox 166 1162 1864 1233; baseline 0 -19"><span class='ocrx_word' id='word_1_96' title='bbox 166 1163 346 1231; x_wconf 87' lang='lat' dir='ltr'>pletur</span> <span class='ocrx_word' id='word_1_97' title='bbox 391 1162 577 1216; x_wconf 78' lang='lat' dir='ltr'>nouo?</span> <span class='ocrx_word' id='word_1_98' title='bbox 653 1162 836 1215; x_wconf 87' lang='lat' dir='ltr'>Etiam</span> <span class='ocrx_word' id='word_1_99' title='bbox 890 1163 993 1216; x_wconf 91' lang='lat' dir='ltr'>hoc</span> <span class='ocrx_word' id='word_1_100' title='bbox 1034 1162 1292 1224; x_wconf 81' lang='lat' dir='ltr'>Querolus</span> <span class='ocrx_word' id='word_1_101' title='bbox 1333 1163 1535 1214; x_wconf 86' lang='lat' dir='ltr'>crimen</span> <span class='ocrx_word' id='word_1_102' title='bbox 1581 1163 1864 1233; x_wconf 88' lang='lat' dir='ltr'>indignum</span> 
     </span>
     <span class='ocr_line' id='line_1_16' title="bbox 165 1236 1865 1306; baseline -0.001 -18"><span class='ocrx_word' id='word_1_103' title='bbox 165 1238 323 1304; x_wconf 85' lang='lat' dir='ltr'>putat</span> <span class='ocrx_word' id='word_1_104' title='bbox 362 1240 428 1305; x_wconf 82' lang='lat' dir='ltr'>et,</span> <span class='ocrx_word' id='word_1_105' title='bbox 466 1238 527 1288; x_wconf 90' lang='lat' dir='ltr'>ut</span> <span class='ocrx_word' id='word_1_106' title='bbox 553 1239 636 1289; x_wconf 87' lang='lat' dir='ltr'>est</span> <span class='ocrx_word' id='word_1_107' title='bbox 672 1236 926 1306; x_wconf 79' lang='lat' dir='ltr'>nequitia,</span> <span class='ocrx_word' id='word_1_108' title='bbox 967 1237 1270 1304; x_wconf 88' lang='lat' dir='ltr'>suspicatur</span> <span class='ocrx_word' id='word_1_109' title='bbox 1293 1236 1395 1288; x_wconf 91' lang='lat' dir='ltr'>hoc</span> <span class='ocrx_word' id='word_1_110' title='bbox 1420 1237 1619 1288; x_wconf 86' lang='lat' dir='ltr'>statim.</span> <span class='ocrx_word' id='word_1_111' title='bbox 1679 1236 1865 1305; x_wconf 88' lang='lat' dir='ltr'>Ipsum</span> 
     </span>
    </p>

    <p class='ocr_par' dir='ltr' id='par_1_6' title="bbox 81 1309 1866 1674">
     <span class='ocr_line' id='line_1_17' title="bbox 81 1309 1863 1379; baseline -0.001 -17"><span class='ocrx_word' id='word_1_112' title='bbox 81 1328 136 1368; x_wconf 87' lang='lat'>15</span> <span class='ocrx_word' id='word_1_113' title='bbox 169 1310 331 1362; x_wconf 87' lang='lat' dir='ltr'>etiam</span> <span class='ocrx_word' id='word_1_114' title='bbox 395 1310 690 1378; x_wconf 79' lang='lat' dir='ltr'>pauxillum</span> <span class='ocrx_word' id='word_1_115' title='bbox 754 1311 964 1379; x_wconf 89' lang='lat' dir='ltr'>argenti</span> <span class='ocrx_word' id='word_1_116' title='bbox 1023 1310 1232 1362; x_wconf 88' lang='lat' dir='ltr'>leuibus</span> <span class='ocrx_word' id='word_1_117' title='bbox 1309 1311 1529 1362; x_wconf 74' lang='lat' dir='ltr'>tunsum</span> <span class='ocrx_word' id='word_1_118' title='bbox 1589 1309 1863 1378; x_wconf 82' lang='lat' dir='ltr'>tympanis</span> 
     </span>
     <span class='ocr_line' id='line_1_18' title="bbox 167 1382 1866 1452; baseline -0.001 -17"><span class='ocrx_word' id='word_1_119' title='bbox 167 1383 344 1435; x_wconf 88' lang='lat' dir='ltr'>limari</span> <span class='ocrx_word' id='word_1_120' title='bbox 395 1384 815 1452; x_wconf 70' lang='lat' dir='ltr'>commutarique</span> <span class='ocrx_word' id='word_1_121' title='bbox 869 1401 1077 1452; x_wconf 82' lang='lat' dir='ltr'>semper</span> <span class='ocrx_word' id='word_1_122' title='bbox 1128 1382 1315 1446; x_wconf 86' lang='lat' dir='ltr'>credit,</span> <span class='ocrx_word' id='word_1_123' title='bbox 1370 1383 1495 1452; x_wconf 90' lang='lat' dir='ltr'>quia</span> <span class='ocrx_word' id='word_1_124' title='bbox 1542 1382 1744 1435; x_wconf 88' lang='lat' dir='ltr'>factum</span> <span class='ocrx_word' id='word_1_125' title='bbox 1784 1387 1866 1434; x_wconf 90' lang='lat' dir='ltr'>est</span> 
     </span>
     <span class='ocr_line' id='line_1_19' title="bbox 169 1455 1864 1526; baseline -0.001 -17"><span class='ocrx_word' id='word_1_126' title='bbox 169 1457 347 1510; x_wconf 88' lang='lat' dir='ltr'>semel.</span> <span class='ocrx_word' id='word_1_127' title='bbox 441 1456 712 1519; x_wconf 82' lang='lat' dir='ltr'>Quantula</span> <span class='ocrx_word' id='word_1_128' title='bbox 769 1459 850 1509; x_wconf 87' lang='lat' dir='ltr'>est</span> <span class='ocrx_word' id='word_1_129' title='bbox 911 1460 1092 1509; x_wconf 85' lang='lat' dir='ltr'>autem</span> <span class='ocrx_word' id='word_1_130' title='bbox 1154 1455 1441 1509; x_wconf 81' lang='lat' dir='ltr'>discretio?</span> <span class='ocrx_word' id='word_1_131' title='bbox 1518 1455 1584 1508; x_wconf 89' lang='lat' dir='ltr'>In</span> <span class='ocrx_word' id='word_1_132' title='bbox 1641 1460 1864 1526; x_wconf 88' lang='lat' dir='ltr'>argento</span> 
     </span>
     <span class='ocr_line' id='line_1_20' title="bbox 169 1530 1863 1584; baseline -0.001 -2"><span class='ocrx_word' id='word_1_133' title='bbox 169 1533 308 1583; x_wconf 91' lang='lat' dir='ltr'>certe</span> <span class='ocrx_word' id='word_1_134' title='bbox 348 1549 487 1583; x_wconf 87' lang='lat' dir='ltr'>unus</span> <span class='ocrx_word' id='word_1_135' title='bbox 529 1533 611 1584; x_wconf 89' lang='lat' dir='ltr'>est</span> <span class='ocrx_word' id='word_1_136' title='bbox 650 1531 822 1583; x_wconf 90' lang='lat' dir='ltr'>color:</span> <span class='ocrx_word' id='word_1_137' title='bbox 884 1530 1028 1583; x_wconf 90' lang='lat' dir='ltr'>Nam</span> <span class='ocrx_word' id='word_1_138' title='bbox 1077 1530 1139 1582; x_wconf 91' lang='lat' dir='ltr'>de</span> <span class='ocrx_word' id='word_1_139' title='bbox 1181 1530 1366 1582; x_wconf 89' lang='lat' dir='ltr'>solidis</span> <span class='ocrx_word' id='word_1_140' title='bbox 1407 1530 1678 1582; x_wconf 88' lang='lat' dir='ltr'>mutandis</span> <span class='ocrx_word' id='word_1_141' title='bbox 1717 1530 1863 1582; x_wconf 90' lang='lat' dir='ltr'>mille</span> 
     </span>
     <span class='ocr_line' id='line_1_21' title="bbox 170 1602 1865 1674; baseline -0.001 -18"><span class='ocrx_word' id='word_1_142' title='bbox 170 1607 297 1656; x_wconf 90' lang='lat' dir='ltr'>sunt</span> <span class='ocrx_word' id='word_1_143' title='bbox 334 1604 639 1674; x_wconf 87' lang='lat' dir='ltr'>praestigia.</span> <span class='ocrx_word' id='word_1_144' title='bbox 714 1603 897 1673; x_wconf 80' lang='lat' dir='ltr'>7,Muta</span> <span class='ocrx_word' id='word_1_145' title='bbox 936 1602 1177 1656; x_wconf 78' lang='lat' dir='ltr'>remuta“</span> <span class='ocrx_word' id='word_1_146' title='bbox 1214 1604 1464 1668; x_wconf 81' lang='lat' dir='ltr'>facimus,</span> <span class='ocrx_word' id='word_1_147' title='bbox 1514 1606 1567 1655; x_wconf 89' lang='lat' dir='ltr'>et</span> <span class='ocrx_word' id='word_1_148' title='bbox 1612 1604 1714 1656; x_wconf 89' lang='lat' dir='ltr'>hoc</span> <span class='ocrx_word' id='word_1_149' title='bbox 1751 1622 1865 1656; x_wconf 92' lang='lat' dir='ltr'>mu-</span> 
     </span>
    </p>

    <p class='ocr_par' dir='ltr' id='par_1_7' title="bbox 82 1677 1867 1966">
     <span class='ocr_line' id='line_1_22' title="bbox 82 1677 1866 1747; baseline -0.004 -12"><span class='ocrx_word' id='word_1_150' title='bbox 82 1696 138 1736; x_wconf 80' lang='grc'>20</span> <span class='ocrx_word' id='word_1_151' title='bbox 168 1678 274 1731; x_wconf 87' lang='lat' dir='ltr'>tari</span> <span class='ocrx_word' id='word_1_152' title='bbox 320 1696 432 1730; x_wconf 89' lang='lat' dir='ltr'>non</span> <span class='ocrx_word' id='word_1_153' title='bbox 477 1680 670 1746; x_wconf 86' lang='lat' dir='ltr'>potest.</span> <span class='ocrx_word' id='word_1_154' title='bbox 755 1677 869 1730; x_wconf 83' lang='lat' dir='ltr'>Has</span> <span class='ocrx_word' id='word_1_155' title='bbox 931 1679 1121 1731; x_wconf 88' lang='lat' dir='ltr'>saltem</span> <span class='ocrx_word' id='word_1_156' title='bbox 1176 1677 1438 1747; x_wconf 74' lang='lat' dir='ltr'>distingui</span> <span class='ocrx_word' id='word_1_157' title='bbox 1492 1695 1603 1730; x_wconf 89' lang='lat' dir='ltr'>non</span> <span class='ocrx_word' id='word_1_158' title='bbox 1654 1680 1866 1745; x_wconf 88' lang='lat' dir='ltr'>oportet</span> 
     </span>
     <span class='ocr_line' id='line_1_23' title="bbox 167 1750 1865 1821; baseline -0.001 -17"><span class='ocrx_word' id='word_1_159' title='bbox 167 1754 281 1804; x_wconf 89' lang='lat' dir='ltr'>tam</span> <span class='ocrx_word' id='word_1_160' title='bbox 323 1752 578 1821; x_wconf 84' lang='lat' dir='ltr'>gemellas</span> <span class='ocrx_word' id='word_1_161' title='bbox 619 1751 894 1804; x_wconf 77' lang='lat' dir='ltr'>formulas,</span> <span class='ocrx_word' id='word_1_162' title='bbox 971 1751 1108 1813; x_wconf 80' lang='lat' dir='ltr'>Quid</span> <span class='ocrx_word' id='word_1_163' title='bbox 1155 1754 1268 1803; x_wconf 87' lang='lat' dir='ltr'>tam</span> <span class='ocrx_word' id='word_1_164' title='bbox 1322 1751 1493 1803; x_wconf 88' lang='lat' dir='ltr'>simile</span> <span class='ocrx_word' id='word_1_165' title='bbox 1542 1769 1702 1820; x_wconf 89' lang='lat' dir='ltr'>quam</span> <span class='ocrx_word' id='word_1_166' title='bbox 1742 1750 1865 1803; x_wconf 91' lang='lat' dir='ltr'>soli-</span> 
     </span>
     <span class='ocr_line' id='line_1_24' title="bbox 170 1824 1864 1893; baseline -0.002 -15"><span class='ocrx_word' id='word_1_167' title='bbox 170 1825 267 1877; x_wconf 89' lang='lat' dir='ltr'>dus</span> <span class='ocrx_word' id='word_1_168' title='bbox 307 1825 478 1878; x_wconf 90' lang='lat' dir='ltr'>solido</span> <span class='ocrx_word' id='word_1_169' title='bbox 518 1824 636 1878; x_wconf 78' lang='lat' dir='ltr'>est?</span> <span class='ocrx_word' id='word_1_170' title='bbox 675 1824 858 1876; x_wconf 85' lang='lat' dir='ltr'>Etiam</span> <span class='ocrx_word' id='word_1_171' title='bbox 896 1825 983 1877; x_wconf 92' lang='lat' dir='ltr'>hic</span> <span class='ocrx_word' id='word_1_172' title='bbox 1023 1825 1279 1876; x_wconf 74' lang='lat' dir='ltr'>distantia</span> <span class='ocrx_word' id='word_1_173' title='bbox 1317 1824 1591 1893; x_wconf 88' lang='lat' dir='ltr'>quaeritur</span> <span class='ocrx_word' id='word_1_174' title='bbox 1613 1825 1671 1876; x_wconf 91' lang='lat' dir='ltr'>in</span> <span class='ocrx_word' id='word_1_175' title='bbox 1711 1842 1864 1877; x_wconf 87' lang='lat' dir='ltr'>auro:</span> 
     </span>
     <span class='ocr_line' id='line_1_25' title="bbox 167 1897 1867 1966; baseline -0.001 -16"><span class='ocrx_word' id='word_1_176' title='bbox 167 1900 373 1966; x_wconf 81' lang='lat' dir='ltr'>uoltuS,</span> <span class='ocrx_word' id='word_1_177' title='bbox 429 1901 575 1952; x_wconf 87' lang='lat' dir='ltr'>aetas</span> <span class='ocrx_word' id='word_1_178' title='bbox 635 1901 689 1950; x_wconf 90' lang='lat' dir='ltr'>et</span> <span class='ocrx_word' id='word_1_179' title='bbox 739 1899 909 1966; x_wconf 84' lang='lat' dir='ltr'>color,</span> <span class='ocrx_word' id='word_1_180' title='bbox 963 1898 1241 1966; x_wconf 72' lang='lat' dir='ltr'>nobilitas,</span> <span class='ocrx_word' id='word_1_181' title='bbox 1296 1898 1622 1965; x_wconf 79' lang='lat' dir='ltr'>litteratura,</span> <span class='ocrx_word' id='word_1_182' title='bbox 1676 1897 1867 1966; x_wconf 81' lang='lat' dir='ltr'>patria,</span> 
     </span>
    </p>
   </div>
   <div class='ocr_carea' id='block_1_4' title="bbox 179 2024 533 2031">
    <p class='ocr_par' dir='ltr' id='par_1_8' title="bbox 179 2024 533 2031">
     <span class='ocr_line' id='line_1_26' title="bbox 179 2024 533 2031; baseline 0 1171"><span class='ocrx_word' id='word_1_183' title='bbox 179 2024 533 2031; x_wconf 95' lang='lat' dir='ltr'> </span> 
     </span>
    </p>
   </div>
   <div class='ocr_carea' id='block_1_5' title="bbox 169 2092 1867 2407">
    <p class='ocr_par' dir='ltr' id='par_1_9' title="bbox 286 2092 1867 2149">
     <span class='ocr_line' id='line_1_27' title="bbox 286 2092 1867 2149; baseline -0.001 -13"><span class='ocrx_word' id='word_1_184' title='bbox 286 2099 305 2136; x_wconf 87' lang='lat'>1</span> <span class='ocrx_word' id='word_1_185' title='bbox 337 2093 440 2136; x_wconf 90' lang='lat' dir='ltr'>uolt</span> <span class='ocrx_word' id='word_1_186' title='bbox 471 2093 608 2138; x_wconf 91' lang='lat' dir='ltr'>LVP</span> <span class='ocrx_word' id='word_1_187' title='bbox 638 2092 743 2136; x_wconf 85' lang='lat' dir='ltr'>uult</span> <span class='ocrx_word' id='word_1_188' title='bbox 770 2092 810 2135; x_wconf 80' lang='lat' dir='ltr'><strong>R</strong></span> <span class='ocrx_word' id='word_1_189' title='bbox 836 2093 843 2147; x_wconf 84' lang='grc' dir='ltr'>Ι</span> <span class='ocrx_word' id='word_1_190' title='bbox 869 2093 1170 2136; x_wconf 85' lang='lat' dir='ltr'>circumuerit</span> <span class='ocrx_word' id='word_1_191' title='bbox 1192 2094 1270 2148; x_wconf 79' lang='lat' dir='ltr'>(al.</span> <span class='ocrx_word' id='word_1_192' title='bbox 1293 2092 1384 2135; x_wconf 87' lang='lat' dir='ltr'>niri</span> <span class='ocrx_word' id='word_1_193' title='bbox 1404 2095 1481 2146; x_wconf 80' lang='lat' dir='ltr'>ss.)</span> <span class='ocrx_word' id='word_1_194' title='bbox 1504 2094 1549 2137; x_wconf 89' lang='lat' dir='ltr'><em>P</em></span> <span class='ocrx_word' id='word_1_195' title='bbox 1581 2098 1606 2136; x_wconf 89' lang='lat'><strong>3</strong></span> <span class='ocrx_word' id='word_1_196' title='bbox 1627 2092 1744 2149; x_wconf 89' lang='lat' dir='ltr'>uolt]</span> <span class='ocrx_word' id='word_1_197' title='bbox 1766 2105 1793 2136; x_wconf 93' lang='lat' dir='ltr'>o</span> <span class='ocrx_word' id='word_1_198' title='bbox 1811 2105 1867 2136; x_wconf 80' lang='lat' dir='ltr'>ex</span> 
     </span>
    </p>

    <p class='ocr_par' dir='ltr' id='par_1_10' title="bbox 169 2149 1866 2214">
     <span class='ocr_line' id='line_1_28' title="bbox 169 2149 1866 2214; baseline -0.001 -21"><span class='ocrx_word' id='word_1_199' title='bbox 169 2165 200 2193; x_wconf 93' lang='lat' dir='ltr'>u</span> <span class='ocrx_word' id='word_1_200' title='bbox 224 2163 300 2204; x_wconf 74' lang='lat' dir='ltr'>pr.</span> <span class='ocrx_word' id='word_1_201' title='bbox 333 2150 377 2192; x_wconf 90' lang='lat' dir='ltr'><strong><em>L</em></strong></span> <span class='ocrx_word' id='word_1_202' title='bbox 402 2152 408 2202; x_wconf 86' lang='grc' dir='ltr'>Ι</span> <span class='ocrx_word' id='word_1_203' title='bbox 434 2149 496 2193; x_wconf 85' lang='grc'>111’</span> <span class='ocrx_word' id='word_1_204' title='bbox 525 2150 751 2214; x_wconf 83' lang='lat' dir='ltr'>patenam</span> <span class='ocrx_word' id='word_1_205' title='bbox 782 2160 866 2205; x_wconf 71' lang='lat' dir='ltr'>my.</span> <span class='ocrx_word' id='word_1_206' title='bbox 899 2150 958 2195; x_wconf 81' lang='lat' dir='ltr'>al.</span> <span class='ocrx_word' id='word_1_207' title='bbox 990 2149 1102 2193; x_wconf 82' lang='lat' dir='ltr'>add.</span> <span class='ocrx_word' id='word_1_208' title='bbox 1132 2150 1178 2193; x_wconf 90' lang='lat' dir='ltr'><strong><em>P</em></strong></span> <span class='ocrx_word' id='word_1_209' title='bbox 1236 2154 1263 2192; x_wconf 84' lang='lat'>4</span> <span class='ocrx_word' id='word_1_210' title='bbox 1293 2150 1570 2192; x_wconf 89' lang='lat' dir='ltr'>contunsum</span> <span class='ocrx_word' id='word_1_211' title='bbox 1603 2149 1642 2192; x_wconf 83' lang='lat'><em>0</em></span> <span class='ocrx_word' id='word_1_212' title='bbox 1697 2153 1722 2193; x_wconf 92' lang='lat'>5</span> <span class='ocrx_word' id='word_1_213' title='bbox 1751 2161 1866 2203; x_wconf 76' lang='lat' dir='ltr'>yno·</span> 
     </span>
    </p>

    <p class='ocr_par' dir='ltr' id='par_1_11' title="bbox 169 2204 1865 2261">
     <span class='ocr_line' id='line_1_29' title="bbox 169 2204 1865 2261; baseline -0.002 -12"><span class='ocrx_word' id='word_1_214' title='bbox 169 2206 319 2249; x_wconf 84' lang='lat' dir='ltr'>forum</span> <span class='ocrx_word' id='word_1_215' title='bbox 354 2223 389 2248; x_wconf 87' lang='grc' dir='ltr'><em>ω</em></span> <span class='ocrx_word' id='word_1_216' title='bbox 447 2210 473 2248; x_wconf 85' lang='grc'>6</span> <span class='ocrx_word' id='word_1_217' title='bbox 502 2205 718 2249; x_wconf 81' lang='lat' dir='ltr'>limosam</span> <span class='ocrx_word' id='word_1_218' title='bbox 749 2222 784 2248; x_wconf 86' lang='grc' dir='ltr'><em>ω</em></span> <span class='ocrx_word' id='word_1_219' title='bbox 815 2205 994 2250; x_wconf 79' lang='lat' dir='ltr'>correxi</span> <span class='ocrx_word' id='word_1_220' title='bbox 1019 2207 1025 2259; x_wconf 92' lang='grc' dir='ltr'>Ι</span> <span class='ocrx_word' id='word_1_221' title='bbox 1052 2205 1208 2249; x_wconf 88' lang='lat' dir='ltr'>densis</span> <span class='ocrx_word' id='word_1_222' title='bbox 1239 2223 1274 2249; x_wconf 89' lang='grc' dir='ltr'><em>ω</em></span> <span class='ocrx_word' id='word_1_223' title='bbox 1305 2205 1483 2249; x_wconf 76' lang='lat' dir='ltr'>correxi</span> <span class='ocrx_word' id='word_1_224' title='bbox 1570 2210 1595 2248; x_wconf 82' lang='lat'>7</span> <span class='ocrx_word' id='word_1_225' title='bbox 1624 2204 1783 2261; x_wconf 90' lang='lat' dir='ltr'>bilem]</span> <span class='ocrx_word' id='word_1_226' title='bbox 1819 2204 1865 2249; x_wconf 84' lang='lat' dir='ltr'>.i.</span> 
     </span>
    </p>

    <p class='ocr_par' dir='ltr' id='par_1_12' title="bbox 170 2259 1867 2318">
     <span class='ocr_line' id='line_1_30' title="bbox 170 2259 1867 2318; baseline -0.001 -12"><span class='ocrx_word' id='word_1_227' title='bbox 170 2262 533 2306; x_wconf 83' lang='lat' dir='ltr'>amaritudinem</span> <span class='ocrx_word' id='word_1_228' title='bbox 560 2261 685 2306; x_wconf 85' lang='lat' dir='ltr'>fellis</span> <span class='ocrx_word' id='word_1_229' title='bbox 715 2263 774 2318; x_wconf 70' lang='lat' dir='ltr'>ql.</span> <span class='ocrx_word' id='word_1_230' title='bbox 809 2262 855 2306; x_wconf 83' lang='lat' dir='ltr'><em>R</em></span> <span class='ocrx_word' id='word_1_231' title='bbox 950 2267 976 2304; x_wconf 83' lang='grc'>9</span> <span class='ocrx_word' id='word_1_232' title='bbox 1006 2262 1214 2304; x_wconf 87' lang='lat' dir='ltr'>moribus</span> <span class='ocrx_word' id='word_1_233' title='bbox 1243 2261 1391 2318; x_wconf 82' lang='lat' dir='ltr'>possit</span> <span class='ocrx_word' id='word_1_234' title='bbox 1420 2261 1497 2316; x_wconf 76' lang='lat' dir='ltr'>Rp</span> <span class='ocrx_word' id='word_1_235' title='bbox 1523 2262 1530 2315; x_wconf 80' lang='grc'>1</span> <span class='ocrx_word' id='word_1_236' title='bbox 1555 2260 1711 2304; x_wconf 90' lang='lat' dir='ltr'>Vnum</span> <span class='ocrx_word' id='word_1_237' title='bbox 1741 2259 1867 2304; x_wconf 79' lang='lat' dir='ltr'>LV?</span> 
     </span>
    </p>

    <p class='ocr_par' dir='ltr' id='par_1_13' title="bbox 170 2315 1865 2407">
     <span class='ocr_line' id='line_1_31' title="bbox 170 2315 1865 2375; baseline -0.002 -13"><span class='ocrx_word' id='word_1_238' title='bbox 170 2318 346 2362; x_wconf 86' lang='lat' dir='ltr'>Vinum</span> <span class='ocrx_word' id='word_1_239' title='bbox 366 2320 413 2363; x_wconf 90' lang='lat' dir='ltr'><em>P</em></span> <span class='ocrx_word' id='word_1_240' title='bbox 472 2324 522 2362; x_wconf 88' lang='lat'>11</span> <span class='ocrx_word' id='word_1_241' title='bbox 544 2317 772 2375; x_wconf 85' lang='lat' dir='ltr'>Nunquid</span> <span class='ocrx_word' id='word_1_242' title='bbox 799 2317 842 2362; x_wconf 87' lang='lat' dir='ltr'><strong><em>V</em></strong></span> <span class='ocrx_word' id='word_1_243' title='bbox 863 2318 868 2372; x_wconf 84' lang='lat'>1</span> <span class='ocrx_word' id='word_1_244' title='bbox 895 2317 1182 2360; x_wconf 88' lang='lat' dir='ltr'>adulterium</span> <span class='ocrx_word' id='word_1_245' title='bbox 1205 2335 1240 2361; x_wconf 87' lang='grc' dir='ltr'>ω</span> <span class='ocrx_word' id='word_1_246' title='bbox 1260 2319 1440 2363; x_wconf 71' lang='lat' dir='ltr'>correaei</span> <span class='ocrx_word' id='word_1_247' title='bbox 1465 2320 1471 2372; x_wconf 83' lang='grc' dir='ltr'>Ι</span> <span class='ocrx_word' id='word_1_248' title='bbox 1496 2317 1583 2360; x_wconf 91' lang='grc'>1100</span> <span class='ocrx_word' id='word_1_249' title='bbox 1613 2329 1698 2360; x_wconf 85' lang='lat' dir='ltr'>om.</span> <span class='ocrx_word' id='word_1_250' title='bbox 1727 2315 1766 2359; x_wconf 78' lang='lat' dir='ltr'><strong><em>G</em></strong></span> <span class='ocrx_word' id='word_1_251' title='bbox 1815 2321 1865 2359; x_wconf 82' lang='lat'>12</span> 
     </span>
     <span class='ocr_line' id='line_1_32' title="bbox 663 2385 683 2407; baseline 0 0"><span class='ocrx_word' id='word_1_252' title='bbox 663 2385 683 2407; x_wconf 87' lang='lat'>1·</span> 
     </span>
    </p>
   </div>
   <div class='ocr_carea' id='block_1_6' title="bbox 169 2413 1867 2674">
    <p class='ocr_par' dir='ltr' id='par_1_14' title="bbox 170 2413 1866 2482">
     <span class='ocr_line' id='line_1_33' title="bbox 170 2413 1866 2482; baseline 0 -24"><span class='ocrx_word' id='word_1_253' title='bbox 170 2415 342 2472; x_wconf 83' lang='lat' dir='ltr'>lagena</span> <span class='ocrx_word' id='word_1_254' title='bbox 370 2415 417 2460; x_wconf 81' lang='lat' dir='ltr'><em>R</em></span> <span class='ocrx_word' id='word_1_255' title='bbox 441 2416 448 2472; x_wconf 95' lang='grc' dir='ltr'>Ι</span> <span class='ocrx_word' id='word_1_256' title='bbox 474 2416 732 2482; x_wconf 67' lang='lat' dir='ltr'>sucosssrus&#39;</span> <span class='ocrx_word' id='word_1_257' title='bbox 766 2416 808 2470; x_wconf 85' lang='lat' dir='ltr'>(r</span> <span class='ocrx_word' id='word_1_258' title='bbox 837 2416 898 2459; x_wconf 82' lang='lat' dir='ltr'>al.</span> <span class='ocrx_word' id='word_1_259' title='bbox 931 2418 1009 2466; x_wconf 83' lang='lat' dir='ltr'>ss.)</span> <span class='ocrx_word' id='word_1_260' title='bbox 1041 2416 1087 2460; x_wconf 94' lang='lat' dir='ltr'><strong><em>P</em></strong></span> <span class='ocrx_word' id='word_1_261' title='bbox 1112 2417 1118 2468; x_wconf 95' lang='grc'>1</span> <span class='ocrx_word' id='word_1_262' title='bbox 1145 2416 1269 2472; x_wconf 89' lang='grc'>51100]</span> <span class='ocrx_word' id='word_1_263' title='bbox 1305 2416 1345 2460; x_wconf 90' lang='lat' dir='ltr'>.i.</span> <span class='ocrx_word' id='word_1_264' title='bbox 1377 2415 1488 2459; x_wconf 90' lang='lat' dir='ltr'>uino</span> <span class='ocrx_word' id='word_1_265' title='bbox 1518 2414 1564 2457; x_wconf 80' lang='lat' dir='ltr'><em>R</em></span> <span class='ocrx_word' id='word_1_266' title='bbox 1593 2427 1725 2457; x_wconf 86' lang='lat' dir='ltr'>sacco</span> <span class='ocrx_word' id='word_1_267' title='bbox 1756 2413 1866 2458; x_wconf 78' lang='lat' dir='ltr'>Rit-</span> 
     </span>
    </p>

    <p class='ocr_par' dir='ltr' id='par_1_15' title="bbox 169 2469 1864 2526">
     <span class='ocr_line' id='line_1_34' title="bbox 169 2469 1864 2526; baseline -0.002 -11"><span class='ocrx_word' id='word_1_268' title='bbox 169 2472 325 2518; x_wconf 79' lang='lat' dir='ltr'>tersh.:</span> <span class='ocrx_word' id='word_1_269' title='bbox 357 2472 423 2516; x_wconf 81' lang='lat' dir='ltr'>sic</span> <span class='ocrx_word' id='word_1_270' title='bbox 451 2473 645 2516; x_wconf 78' lang='lat' dir='ltr'>Plimus</span> <span class='ocrx_word' id='word_1_271' title='bbox 673 2471 898 2515; x_wconf 88' lang='lat' dir='ltr'><strong><em>XVIIII</em></strong></span> <span class='ocrx_word' id='word_1_272' title='bbox 912 2474 967 2515; x_wconf 82' lang='lat'>53</span> <span class='ocrx_word' id='word_1_273' title='bbox 986 2471 1242 2515; x_wconf 85' lang='lat' dir='ltr'>inueterari</span> <span class='ocrx_word' id='word_1_274' title='bbox 1260 2472 1373 2515; x_wconf 91' lang='lat' dir='ltr'>uina</span> <span class='ocrx_word' id='word_1_275' title='bbox 1393 2471 1627 2526; x_wconf 85' lang='lat' dir='ltr'>saccisque</span> <span class='ocrx_word' id='word_1_276' title='bbox 1659 2469 1864 2523; x_wconf 85' lang='lat' dir='ltr'>castrari,</span> 
     </span>
    </p>

    <p class='ocr_par' dir='ltr' id='par_1_16' title="bbox 169 2526 1867 2584">
     <span class='ocr_line' id='line_1_35' title="bbox 169 2526 1867 2584; baseline -0.001 -14"><span class='ocrx_word' id='word_1_277' title='bbox 169 2528 276 2571; x_wconf 79' lang='lat' dir='ltr'>item</span> <span class='ocrx_word' id='word_1_278' title='bbox 307 2528 506 2571; x_wconf 91' lang='lat' dir='ltr'><strong><em>XXIII</em></strong></span> <span class='ocrx_word' id='word_1_279' title='bbox 528 2531 583 2573; x_wconf 80' lang='lat'>45</span> <span class='ocrx_word' id='word_1_280' title='bbox 614 2529 792 2571; x_wconf 90' lang='lat' dir='ltr'><strong><em>XIIII</em></strong></span> <span class='ocrx_word' id='word_1_281' title='bbox 817 2531 902 2572; x_wconf 80' lang='lat'>138</span> <span class='ocrx_word' id='word_1_282' title='bbox 992 2533 1043 2572; x_wconf 83' lang='lat'>13</span> <span class='ocrx_word' id='word_1_283' title='bbox 1075 2528 1225 2584; x_wconf 90' lang='lat' dir='ltr'>conpl.</span> <span class='ocrx_word' id='word_1_284' title='bbox 1253 2528 1324 2581; x_wconf 69' lang='lat' dir='ltr'>V}</span> <span class='ocrx_word' id='word_1_285' title='bbox 1350 2528 1437 2571; x_wconf 89' lang='lat' dir='ltr'>hoc</span> <span class='ocrx_word' id='word_1_286' title='bbox 1467 2539 1551 2570; x_wconf 85' lang='lat' dir='ltr'>om.</span> <span class='ocrx_word' id='word_1_287' title='bbox 1581 2526 1627 2568; x_wconf 92' lang='lat' dir='ltr'><strong><em>P</em></strong></span> <span class='ocrx_word' id='word_1_288' title='bbox 1650 2526 1659 2580; x_wconf 62' lang='grc'>1</span> <span class='ocrx_word' id='word_1_289' title='bbox 1686 2526 1867 2569; x_wconf 80' lang='lat' dir='ltr'>crimen</span> 
     </span>
    </p>

    <p class='ocr_par' dir='ltr' id='par_1_17' title="bbox 171 2581 1860 2674">
     <span class='ocr_line' id='line_1_36' title="bbox 171 2581 1860 2639; baseline -0.002 -13"><span class='ocrx_word' id='word_1_290' title='bbox 171 2584 230 2639; x_wconf 87' lang='lat' dir='ltr'>(ri</span> <span class='ocrx_word' id='word_1_291' title='bbox 258 2584 311 2627; x_wconf 61' lang='grc' dir='ltr'>ἐπ</span> <span class='ocrx_word' id='word_1_292' title='bbox 340 2588 454 2638; x_wconf 79' lang='lat' dir='ltr'>ras.)</span> <span class='ocrx_word' id='word_1_293' title='bbox 485 2586 532 2629; x_wconf 87' lang='lat' dir='ltr'><strong><em>P</em></strong></span> <span class='ocrx_word' id='word_1_294' title='bbox 705 2589 757 2628; x_wconf 89' lang='lat'>14</span> <span class='ocrx_word' id='word_1_295' title='bbox 789 2584 827 2627; x_wconf 70' lang='lat' dir='ltr'>Sc</span> <span class='ocrx_word' id='word_1_296' title='bbox 856 2585 910 2627; x_wconf 89' lang='lat' dir='ltr'>ut</span> <span class='ocrx_word' id='word_1_297' title='bbox 941 2583 1065 2627; x_wconf 72' lang='lat' dir='ltr'>LV?</span> <span class='ocrx_word' id='word_1_298' title='bbox 1096 2589 1132 2631; x_wconf 85' lang='lat'>&amp;</span> <span class='ocrx_word' id='word_1_299' title='bbox 1162 2597 1245 2632; x_wconf 84' lang='lat' dir='ltr'>om.</span> <span class='ocrx_word' id='word_1_300' title='bbox 1275 2586 1321 2628; x_wconf 93' lang='lat' dir='ltr'><strong><em>P</em></strong></span> <span class='ocrx_word' id='word_1_301' title='bbox 1437 2587 1491 2626; x_wconf 81' lang='lat'>15</span> <span class='ocrx_word' id='word_1_302' title='bbox 1519 2581 1747 2638; x_wconf 86' lang='lat' dir='ltr'>paxillum</span> <span class='ocrx_word' id='word_1_303' title='bbox 1778 2581 1822 2624; x_wconf 88' lang='lat' dir='ltr'><em>L</em></span> <span class='ocrx_word' id='word_1_304' title='bbox 1855 2582 1860 2636; x_wconf 76' lang='grc' dir='ltr'>Ι</span> 
     </span>
     <span class='ocr_line' id='line_1_37' title="bbox 1001 2642 1028 2674; baseline 0 0"><span class='ocrx_word' id='word_1_305' title='bbox 1001 2642 1028 2674; x_wconf 79' lang='lat'>11</span> 
     </span>
    </p>
   </div>
   <div class='ocr_carea' id='block_1_7' title="bbox 169 2679 1867 2851">
    <p class='ocr_par' dir='ltr' id='par_1_18' title="bbox 169 2679 1867 2851">
     <span class='ocr_line' id='line_1_38' title="bbox 170 2679 1865 2738; baseline -0.001 -14"><span class='ocrx_word' id='word_1_306' title='bbox 170 2683 357 2726; x_wconf 84' lang='lat' dir='ltr'>tensum</span> <span class='ocrx_word' id='word_1_307' title='bbox 388 2700 422 2726; x_wconf 87' lang='grc' dir='ltr'>ω</span> <span class='ocrx_word' id='word_1_308' title='bbox 442 2684 633 2726; x_wconf 89' lang='lat' dir='ltr'>tunsum</span> <span class='ocrx_word' id='word_1_309' title='bbox 659 2682 871 2726; x_wconf 73' lang='lat' dir='ltr'>Wernsd.</span> <span class='ocrx_word' id='word_1_310' title='bbox 899 2684 906 2736; x_wconf 79' lang='lat' dir='ltr'>l</span> <span class='ocrx_word' id='word_1_311' title='bbox 932 2682 1107 2738; x_wconf 78' lang='lat' dir='ltr'>tipanis</span> <span class='ocrx_word' id='word_1_312' title='bbox 1128 2683 1173 2726; x_wconf 91' lang='lat' dir='ltr'><strong><em>P</em></strong></span> <span class='ocrx_word' id='word_1_313' title='bbox 1202 2681 1512 2736; x_wconf 86' lang='lat' dir='ltr'>triumphanis</span> <span class='ocrx_word' id='word_1_314' title='bbox 1543 2681 1618 2736; x_wconf 69' lang='lat' dir='ltr'>(ql.</span> <span class='ocrx_word' id='word_1_315' title='bbox 1651 2680 1691 2726; x_wconf 91' lang='lat' dir='ltr'>.i.</span> <span class='ocrx_word' id='word_1_316' title='bbox 1722 2679 1865 2736; x_wconf 84' lang='lat' dir='ltr'>foliis)</span> 
     </span>
     <span class='ocr_line' id='line_1_39' title="bbox 169 2736 1867 2795; baseline -0.001 -13"><span class='ocrx_word' id='word_1_317' title='bbox 169 2737 248 2792; x_wconf 80' lang='lat' dir='ltr'>Rp</span> <span class='ocrx_word' id='word_1_318' title='bbox 379 2743 431 2782; x_wconf 87' lang='grc'>18</span> <span class='ocrx_word' id='word_1_319' title='bbox 463 2737 639 2795; x_wconf 85' lang='lat' dir='ltr'>solidis]</span> <span class='ocrx_word' id='word_1_320' title='bbox 677 2739 718 2782; x_wconf 83' lang='lat' dir='ltr'>.i.</span> <span class='ocrx_word' id='word_1_321' title='bbox 750 2739 954 2781; x_wconf 79' lang='lat' dir='ltr'>nummis</span> <span class='ocrx_word' id='word_1_322' title='bbox 987 2739 1064 2782; x_wconf 90' lang='lat' dir='ltr'>uel</span> <span class='ocrx_word' id='word_1_323' title='bbox 1096 2738 1298 2782; x_wconf 86' lang='lat' dir='ltr'>denariis</span> <span class='ocrx_word' id='word_1_324' title='bbox 1325 2738 1372 2781; x_wconf 88' lang='lat' dir='ltr'><em>R</em></span> <span class='ocrx_word' id='word_1_325' title='bbox 1398 2739 1405 2791; x_wconf 83' lang='grc' dir='ltr'>Ι</span> <span class='ocrx_word' id='word_1_326' title='bbox 1431 2736 1589 2779; x_wconf 90' lang='lat' dir='ltr'>millae</span> <span class='ocrx_word' id='word_1_327' title='bbox 1622 2737 1666 2779; x_wconf 80' lang='lat'>11</span> <span class='ocrx_word' id='word_1_328' title='bbox 1814 2741 1867 2780; x_wconf 82' lang='lat'>19</span> 
     </span>
     <span class='ocr_line' id='line_1_40' title="bbox 169 2791 1866 2851; baseline -0.001 -15"><span class='ocrx_word' id='word_1_329' title='bbox 169 2794 351 2837; x_wconf 74' lang='lat' dir='ltr'>mutare</span> <span class='ocrx_word' id='word_1_330' title='bbox 383 2795 520 2838; x_wconf 86' lang='lat' dir='ltr'>muta</span> <span class='ocrx_word' id='word_1_331' title='bbox 541 2805 578 2849; x_wconf 78' lang='lat' dir='ltr'>p</span> <span class='ocrx_word' id='word_1_332' title='bbox 605 2796 611 2849; x_wconf 85' lang='grc' dir='ltr'>Ι</span> <span class='ocrx_word' id='word_1_333' title='bbox 636 2794 849 2851; x_wconf 87' lang='lat' dir='ltr'>facimus]</span> <span class='ocrx_word' id='word_1_334' title='bbox 885 2795 927 2840; x_wconf 90' lang='lat' dir='ltr'>.i.</span> <span class='ocrx_word' id='word_1_335' title='bbox 961 2794 1156 2837; x_wconf 85' lang='lat' dir='ltr'>dicimus</span> <span class='ocrx_word' id='word_1_336' title='bbox 1175 2795 1233 2851; x_wconf 76' lang='lat'>91.</span> <span class='ocrx_word' id='word_1_337' title='bbox 1264 2794 1309 2837; x_wconf 88' lang='lat' dir='ltr'><em>R</em></span> <span class='ocrx_word' id='word_1_338' title='bbox 1338 2792 1518 2836; x_wconf 83' lang='lat' dir='ltr'>facinus</span> <span class='ocrx_word' id='word_1_339' title='bbox 1553 2791 1756 2848; x_wconf 72' lang='lat' dir='ltr'>Gamzeq.</span> <span class='ocrx_word' id='word_1_340' title='bbox 1785 2794 1791 2846; x_wconf 89' lang='grc' dir='ltr'>Ι</span> <span class='ocrx_word' id='word_1_341' title='bbox 1818 2792 1866 2834; x_wconf 83' lang='lat' dir='ltr'>et</span> 
     </span>
    </p>
   </div>
   <div class='ocr_carea' id='block_1_8' title="bbox 169 2859 1867 3004">
    <p class='ocr_par' dir='ltr' id='par_1_19' title="bbox 169 2859 1867 3004">
     <span class='ocr_line' id='line_1_41' title="bbox 169 2859 1867 2949; baseline -0.001 -14"><span class='ocrx_word' id='word_1_342' title='bbox 169 2891 273 2949; x_wconf 87' lang='lat' dir='ltr'>hoc]</span> <span class='ocrx_word' id='word_1_343' title='bbox 307 2906 352 2935; x_wconf 91' lang='lat' dir='ltr'>.s.</span> <span class='ocrx_word' id='word_1_344' title='bbox 386 2892 634 2948; x_wconf 85' lang='lat' dir='ltr'>argentum</span> <span class='ocrx_word' id='word_1_345' title='bbox 667 2891 714 2936; x_wconf 80' lang='lat' dir='ltr'><em>R</em></span> <span class='ocrx_word' id='word_1_346' title='bbox 862 2898 915 2936; x_wconf 80' lang='lat'>20</span> <span class='ocrx_word' id='word_1_347' title='bbox 945 2892 1101 2935; x_wconf 87' lang='lat' dir='ltr'>saltim</span> <span class='ocrx_word' id='word_1_348' title='bbox 1138 2891 1194 2935; x_wconf 81' lang='lat' dir='ltr'>V¹</span> <span class='ocrx_word' id='word_1_349' title='bbox 1225 2890 1392 2934; x_wconf 84' lang='lat' dir='ltr'>saltem</span> <span class='ocrx_word' id='word_1_350' title='bbox 1423 2890 1578 2934; x_wconf 78' lang='lat' dir='ltr'><strong><em>LV²P</em></strong></span> <span class='ocrx_word' id='word_1_351' title='bbox 1603 2892 1609 2945; x_wconf 91' lang='grc' dir='ltr'>Ι</span> <span class='ocrx_word' id='word_1_352' title='bbox 1632 2859 1795 2947; x_wconf 66' lang='lat' dir='ltr'>cportet</span> <span class='ocrx_word' id='word_1_353' title='bbox 1821 2890 1867 2934; x_wconf 92' lang='lat' dir='ltr'><strong><em>P</em></strong></span> 
     </span>
     <span class='ocr_line' id='line_1_42' title="bbox 170 2947 1403 3004; baseline -0.001 -14"><span class='ocrx_word' id='word_1_354' title='bbox 170 2952 223 2990; x_wconf 78' lang='lat'>23</span> <span class='ocrx_word' id='word_1_355' title='bbox 253 2948 426 3003; x_wconf 83' lang='lat' dir='ltr'>uoltus]</span> <span class='ocrx_word' id='word_1_356' title='bbox 461 2961 487 2990; x_wconf 95' lang='lat' dir='ltr'>o</span> <span class='ocrx_word' id='word_1_357' title='bbox 512 2961 568 2992; x_wconf 79' lang='lat' dir='ltr'>ex</span> <span class='ocrx_word' id='word_1_358' title='bbox 587 2963 619 2991; x_wconf 91' lang='lat' dir='ltr'>u</span> <span class='ocrx_word' id='word_1_359' title='bbox 642 2959 718 3002; x_wconf 76' lang='lat' dir='ltr'>pr.</span> <span class='ocrx_word' id='word_1_360' title='bbox 748 2947 818 3001; x_wconf 59' lang='lat' dir='ltr'>Vl</span> <span class='ocrx_word' id='word_1_361' title='bbox 845 2948 985 3004; x_wconf 87' lang='lat' dir='ltr'>color]</span> <span class='ocrx_word' id='word_1_362' title='bbox 1019 2961 1070 2991; x_wconf 90' lang='lat' dir='ltr'>or</span> <span class='ocrx_word' id='word_1_363' title='bbox 1101 2961 1156 2992; x_wconf 75' lang='lat' dir='ltr'>ex</span> <span class='ocrx_word' id='word_1_364' title='bbox 1179 2959 1232 2991; x_wconf 87' lang='lat' dir='ltr'>ur</span> <span class='ocrx_word' id='word_1_365' title='bbox 1257 2960 1329 3002; x_wconf 74' lang='lat' dir='ltr'>pr.</span> <span class='ocrx_word' id='word_1_366' title='bbox 1360 2947 1403 2989; x_wconf 94' lang='lat' dir='ltr'><strong><em>L</em></strong></span> 
     </span>
    </p>
   </div>
  </div>
 </body>
</html>
