2032 3202
801 122 1140 167 ——XXI—

135 254 266 302 iuria
311 255 369 301 ut
413 243 637 315 uidetur)
646 242 700 316 ²¹²)
748 251 926 297 octauo
964 249 1047 296 uel
1094 263 1223 297 nono
1264 247 1461 296 saeculo
1499 249 1558 295 ut
1595 261 1707 295 mea
1745 249 1823 296 est

139 318 476 390 sententia**)
514 326 741 372 nostram
777 322 1003 370 fabulam
1042 322 1276 384 elegiacis
1300 321 1532 369 uersibus
1557 321 1821 382 expressit.

137 401 299 449 Huius
352 398 585 446 carminis
646 396 863 458 inpressi
918 396 980 443 ab
1035 395 1344 457 Hieronymo
1402 393 1708 442 Commelino
1769 395 1823 442 in

138 474 269 523 calce
308 471 546 533 antiquae
578 469 871 517 Aululariae
912 469 974 516 ab
1013 468 1352 517 Rittershusio
1393 467 1557 516 editae
1597 483 1642 515 a.
1679 467 1819 516 1595

138 541 293 612 (quod
342 545 595 606 exemplar
646 542 919 604 repetitum
963 545 1046 608 'est
1099 543 1193 590 hoc
1252 542 1448 590 saeculo
1500 557 1529 588 a
1567 541 1823 589 Friderico

139 619 339 669 Osanno
379 617 690 665 Darmstadii
733 617 872 665 1836
924 631 1024 663 una
1072 631 1184 664 cum
1230 615 1452 663 eiusdem
1491 618 1669 676 poetae
1707 615 1824 662 Am-

136 692 407 755 phitryone
446 691 529 738 uel
554 684 706 756 Geta)
745 705 906 751 pauca
944 692 1144 737 tantum
1182 689 1418 737 uidentur
1457 691 1626 736 extare
1664 704 1825 750 neque

143 766 267 814 satis
307 767 513 813 uetusta
552 763 857 826 exemplaria
893 763 1255 825 manuscripta:
1294 762 1513 811 innotuit
1536 762 1664 809 liber
1686 762 1826 809 Dua-

141 841 294 888 censis
332 854 379 885 n.
421 839 524 886 461
570 854 607 886 s.
649 837 740 884 XV
788 836 926 885 cuius
966 837 1204 885 lectiones
1243 837 1380 885 dedit
1419 835 1646 884 Merilius
1688 834 1826 894 (Pod-

143 915 238 962 sies
275 912 475 960 iue‘dites
514 912 647 958 1854
675 926 730 971 p.
755 911 1072 971 443—445),
1111 911 1460 959 Lambaeensis
1495 909 1615 957 libri
1652 924 1698 957 n.
1720 910 1826 958 100

146 985 438 1035 memoriam
482 985 651 1033 iniecit
694 984 892 1032 Monius
940 982 1200 1046 (Aneeiyer
1254 985 1402 1032 VIII
1441 983 1589 1044 321).
1666 982 1827 1030 Tertii

141 1060 259 1108 libri
314 1059 661 1121 apographum
714 1058 919 1106 extabat
975 1057 1426 1120 Guelpherbyti
1478 1058 1611 1105 inter
1665 1056 1824 1104 libros

142 1132 435 1195 Marquardi
467 1131 617 1180 Gudii
654 1146 762 1180 cum
798 1134 1146 1193 manuscriptis
1183 1133 1377 1180 collatos
1413 1132 1492 1179 uel
1528 1133 1655 1179 notis
1693 1134 1824 1178 auto-

134 1206 335 1268 qraplzis
371 1207 615 1254 doctorum
651 1207 875 1254 uirorum
911 1207 1174 1254 illustratos
1211 1205 1459 1253 indicatus
1507 1204 1585 1253 his
1625 1204 1819 1252 uerbis:

137 1279 242 1341 „56
272 1278 444 1327 >Plauti
465 1277 734 1338 Aulularia
757 1279 890 1327 1595
934 1280 1003 1327 Iu
1041 1281 1198 1328 eodem
1235 1280 1479 1328 uolumine
1517 1281 1670 1327 exstat
1693 1277 1812 1339 Que-

139 1354 278 1401 rulus
314 1353 578 1413 desa-ipius
616 1367 672 1401 ex
708 1355 1036 1414 manuscripto
1075 1354 1229 1401 codice
1265 1352 1585 1400 Rhemensi
1623 1353 1819 1412 antiqvo

139 1442 290 1476 manu
325 1426 567 1475 Samuelis
603 1425 862 1489 Sciassii“;
902 1442 933 1474 a
969 1426 1313 1489 Francogallis
1352 1426 1572 1473 Parisios
1613 1429 1691 1474 est
1735 1425 1817 1473 de-

138 1501 300 1549 latum
335 1499 684 1563 redditumque
723 1516 813 1562 pro
854 1516 911 1549 eo
950 1503 1127 1562 postea
1156 1515 1350 1549 merum
1374 1499 1820 1548 Commelinianum

140 1573 411 1635 exemplar:
449 1588 539 1622 nec
575 1574 785 1623 Parisiis
824 1574 972 1622 hodie
1012 1577 1148 1623 extat
1190 1573 1448 1623 Gudianus
1487 1573 1630 1621 liber.

286 1647 392 1694 Nec
437 1647 578 1695 deest
623 1649 791 1710 quarti
834 1648 953 1695 libri
997 1649 1257 1696 memoria:
1313 1663 1429 1695 nam
1476 1648 1528 1694 in
1565 1647 1823 1695 ueteribus

140 1721 390 1771 codicibus
429 1721 722 1792 monasterii
759 1721 1071 1782 Eqmonclaui
1107 1722 1263 1770 fuisse
1301 1721 1620 1770 Aululariam
1656 1720 1829 1769 Plauti

141 1796 359 1844 uersibus
397 1795 615 1855 elegiacis
653 1809 928 1856 expressam
966 1795 1122 1843 refert
1160 1795 1233 1844 JS.
1259 1795 1470 1843 Vossius
1512 1795 1726 1857 epistola
1763 1793 1830 1842 ad

141 1868 461 1917 NHeinsium
513 1869 632 1917 data
687 1885 730 1917 a.
775 1871 916 1918 1650
956 1862 1212 1935 (Sylloges
1251 1869 1655 1916 Burmamiianae
1692 1871 1729 1916 t.
1750 1866 1829 1916 III

146 1935 294 2007 588).
333 1958 405 1976 ⁴—
442 1941 619 2004 Neque
666 1943 846 1991 desunt
891 1943 1165 2006 Florilegia
1203 1943 1256 1990 in
1302 1943 1482 2005 quibus
1528 1942 1678 1990 huius
1725 1957 1828 1990 car-

149 2015 297 2062 minis
343 2015 439 2062 loci
457 2015 782 2064 ”exhibentur
835 2019 968 2065 msta
1011 2017 1152 2065 velut
1205 2017 1415 2065 Parisiis
1451 2014 1620 2077 Suppl.
1661 2017 1742 2064 lat.
1779 2031 1829 2063 n.

149 2090 252 2136 264
301 2088 654 2137 Wratislauz'ae
692 2091 799 2138 bibl.
838 2092 999 2151 remae
1035 2090 1126 2139 IV
1152 2091 1291 2138 Fs7
1328 2105 1363 2139 s.
1393 2089 1509 2150 XV,
1549 2092 1699 2152 atque
1737 2090 1831 2138 hoc

261 2257 301 2312 *)
334 2257 391 2301 de
424 2272 479 2302 eo
510 2258 604 2302 uid.
636 2258 839 2304 Histoire
871 2259 1096 2303 litteraire
1130 2259 1186 2303 de
1219 2260 1266 2303 la
1290 2260 1466 2303 France
1491 2259 1575 2303 XV
1591 2263 1828 2304 428—434

143 2316 271 2360 XXII
304 2321 479 2361 39-50
515 2316 586 2373 (V.
620 2317 684 2361 Le
717 2316 865 2373 Clerc)
907 2318 1028 2362 Sane
1070 2319 1238 2362 Vitatis
1267 2319 1426 2374 yallici
1456 2318 1666 2362 blesensis
1696 2318 1830 2362 Allu-

144 2377 266 2420 laria
289 2376 476 2432 explicit
500 2375 779 2432 subscriptio
803 2378 875 2420 est
897 2379 945 2420 et
968 2376 1323 2422 Commeliniani
1349 2379 1396 2420 et
1418 2376 1674 2420 Duacensis
1698 2376 1828 2421 libri:

142 2435 192 2478 in
219 2434 558 2491 Amphitruone
597 2448 709 2479 uero
749 2435 1027 2480 uetustiores
1058 2436 1166 2479 libri
1197 2450 1289 2479 uno
1331 2435 1498 2480 Vitatis
1527 2436 1715 2480 nomine
1748 2450 1828 2479 au-

144 2494 319 2538 ctorem
362 2492 578 2548 efferunt‚
623 2493 851 2538 Blesensis
891 2508 986 2538 non
1026 2495 1117 2538 nisi
1161 2495 1210 2537 in
1253 2494 1587 2539 recentioribus
1629 2494 1831 2540 additur.
1866 2547 1869 2549 ,

142 2551 396 2609 Propterea
439 2552 717 2597 translatum
764 2552 882 2596 illud
929 2566 1093 2597 censeo
1141 2553 1201 2596 ad
1246 2553 1454 2597 Vitalem
1499 2567 1528 2597 a
1576 2553 1831 2598 Guillelmo

141 2610 353 2655 Blesensi
395 2611 642 2655 clarissimi
673 2611 799 2654 Petri
842 2611 1159 2656 archidiaconi
1188 2612 1515 2656 Bathoniensis
1557 2611 1701 2657 fratre
1749 2613 1830 2668 qui

142 2672 338 2737 exeunte
368 2669 457 2736 ΧΠ
481 2670 667 2737 saeculo
700 2669 952 2714 comoediis
984 2672 1123 2726 atque
1155 2670 1406 2728 tragoediis
1439 2671 1648 2728 elegiaco
1680 2674 1830 2715 metro

150 2729 334 2842 2⁵0an?
361 2728 608 2830 {³¹53OEss
642 2786 701 2844 (H
731 2787 767 2853 1,
814 2786 871 2830 de
918 2787 966 2831 1a
994 2787 1068 2831 Fr.
1101 2788 1203 2845 xv>
1236 2802 1357 2832 anno
1392 2793 1506 2833 1186
1537 2789 1830 2832 Aululariam

140 2845 317 2889 factam
362 2845 562 2900 censuit,
613 2859 804 2902 propms
850 2859 961 2890 uero
1017 2845 1311 2891 CGMueller
1372 2847 1525 2892 Anall.
1596 2847 1729 2892 Bern.
1787 2846 1830 2889 II

153 2905 303 2960 (1840)
334 2919 380 2960 p.
414 2909 437 2948 7
471 2903 657 2949 saeculo
690 2904 882 2949 decimo.
