2032 3202
953 181 1007 188 —
1070 155 1265 200 XXVIII
1326 179 1380 186 ——
1992 0 2032 236 Ἐξ

477 283 561 342 51,
602 282 631 327 9
679 280 760 328 Pl.
798 279 974 340 Amph.
1015 281 1119 328 682
1165 278 1383 341 Opsecro
1423 281 1630 341 ecastor,
1670 277 1788 340 quid
1825 279 1883 325 tu
1920 245 2032 349 mel}

329 353 589 400 deridiculi
628 354 795 415 gratia
832 353 911 401 Sic
951 353 1142 402 salutas
1181 356 1331 415 atque
1370 352 1595 414 appellas
1635 351 1778 413 quasi
1815 350 2032 399 dudum?

326 441 424 474 non
461 426 646 474 uideris

477 514 568 576 54,
609 515 640 562 8
713 513 876 562 Cicero
921 515 975 561 in
1014 512 1154 562 Catil.
1192 515 1231 561 Ι
1271 516 1300 560 1
1364 512 1404 562 Ο
1454 516 1684 575 tempora
1737 528 1765 560 o
1813 475 2032 560 1111010131Σῖἑ

327 586 586 635 Martialis
619 587 799 635 VIIII
818 589 885 634 70
915 586 1123 634 Dixerat
1147 603 1205 650 „o
1230 603 1394 635 mores
1419 603 1447 635 o
1470 581 1750 648 tempora!“
1804 583 2032 665 Τ11111113ζ

327 659 445 706 011111

477 747 561 808 55,
591 748 659 794 10
697 747 777 795 Pl.
801 747 948 808 Epid.
987 748 1058 794 II
1089 749 1140 802 2,
1181 747 1279 794 107
1316 747 1435 794 Iura
1474 747 1559 809 qui
1598 749 1649 795 et
1686 747 1824 808 leges
1862 746 2032 817 tenet,

326 819 430 867 III
464 822 507 879 4,
549 823 614 867 90
650 819 822 882 legum
860 823 1010 883 atque
1046 821 1231 868 iurium
1266 819 1424 882 fictor,
1464 820 1689 868 conditor
1727 820 1862 867 cluet
2026 829 2032 845 ³

475 909 560 970 55,
603 910 667 955 12
713 908 795 956 Pl.
836 908 971 956 Trin.
1009 911 1142 956 1060
1185 908 1232 955 A
1269 907 1478 955 nimium
1516 906 1729 955 Stasime
1769 907 2002 956 saeffiter.
2019 869 2030 913 ’Β

330 981 436 1028 Ter.
474 979 632 1030 Andr.
672 983 774 1030 868
811 997 842 1029 a
878 997 939 1029 ne
979 982 1117 1030 saeui
1153 983 1431 1043 tantopere.
1514 981 1692 1028 Heaut.
1731 981 1869 1029 1052
1906 983 2032 1054 age}

231 1116 234 1117 ⁷
328 1069 526 1116 quaeso,
565 1070 627 1102 ne
664 1058 771 1102 tam
809 1054 1005 1103 offirma
1041 1058 1092 1103 te
1134 1054 1370 1103 Chremes

475 1143 560 1204 55,
589 1143 653 1191 13
694 1142 775 1190 Pl.
802 1143 936 1191 Trin.
961 1145 1063 1191 309
1101 1142 1188 1191 Sin
1224 1144 1330 1204 ipse
1370 1143 1589 1190 animum
1611 1143 1820 1205 pepulit,
1857 1142 2030 1207 uiuit„

325 1215 486 1262 uictor
523 1215 771 1281 uictorum
809 1216 956 1264 cluet.

475 1303 560 1365 55,
602 1305 668 1350 22
727 1303 833 1351 Ter.
877 1304 1076 1352 Phorm.
1124 1304 1223 1352 506
1281 1304 1340 1351 Id
1394 1303 1526 1366 quod
1579 1303 1739 1351 aiunt:
1794 1302 2030 1355 auribus

325 1379 468 1422 teneo
507 1376 694 1437 lupum.
771 1378 831 1436 cf.
862 1376 1052 1425 Sueten.
1081 1376 1182 1426 Tib.
1222 1378 1291 1425 25
1329 1379 1387 1425 ut
1426 1391 1574 1439 saepe
1611 1377 1787 1439 lupum
1826 1393 1879 1426 se
1917 1392 2032 1454 11111·-Ι

325 1448 463 1496 ribus
501 1451 671 1496 tenere
710 1449 898 1497 diceret
2027 1458 2032 1466 “

475 1538 559 1599 56,
600 1539 633 1585 4
671 1537 751 1586 Pl
787 1537 921 1587 Trin.
955 1540 1051 1586 961
1092 1537 1249 1595 Quem
1288 1554 1381 1601 ego
1421 1539 1506 1601 qui
1545 1540 1612 1588 sit
1649 1539 1796 1589 homo
1824 1527 2032 1616 -inescio's

325 1610 499 1672 Neque
539 1611 693 1659 oculis
732 1614 848 1659 ante
885 1612 1016 1659 hunc
1054 1611 1185 1660 diem
1220 1628 1458 1674 umquam
1494 1613 1621 1676 uidi,
1675 1613 1784 1661 eine
1823 1591 2032 1679 811111111Ξ

326 1683 610 1731 crederem?
662 1683 839 1745 Amph.
872 1686 972 1733 686
1007 1685 1158 1734 immo
1198 1685 1426 1747 equidem
1463 1688 1514 1734 te
1551 1686 1650 1734 nisi
1685 1701 1815 1734 nunc
1852 1687 2032 1736 hodie⁵

325 1772 571 1819 nusquam
607 1758 714 1805 uidi
751 1758 978 1820 gentium

474 1849 558 1911 56,
601 1851 630 1897 7
670 1847 749 1895 Pl.
788 1848 942 1897 Persa
977 1849 1050 1896 II
1081 1851 1132 1904 2,
1172 1850 1239 1896 34
1277 1849 1370 1897 Dic
1406 1851 1478 1911 tu,
1517 1850 1656 1911 prior
1692 1850 1872 1912 rogaui

474 1938 665 1998 56,12
717 1937 822 1985 Ter.
859 1935 1017 1985 Andr.
1058 1940 1157 1985 670
1194 1937 1302 1986 Hac
1339 1953 1439 1986 non
1476 1938 1734 2000 processit,
1774 1939 1874 1986 alia
1912 1938 2025 1987 ad

326 2009 610 2071 grediemur
648 2010 732 2058 uia

474 2100 668 2161 56,18
730 2099 810 2147 Pl.
867 2100 1002 2148 Trin.
1060 2101 1160 2148 963
1236 2099 1650 2162 Adgrediundust
1708 2099 1790 2147 hic
1848 2100 2023 2156 homos

325 2172 391 2219 mi
431 2175 558 2220 astu,
636 2173 694 2233 ef.
745 2173 919 2233 Veryil.
963 2171 1021 2221 G.
1060 2174 1165 2221 III
1196 2175 1230 2220 8
1273 2173 1566 2235 temptanda
1610 2173 1746 2222 uiast
1783 2188 1882 2235 qua
1918 2187 2021 2222 me-

326 2261 519 2308 quoque
558 2247 747 2308 possim
787 2246 983 2295 ToHere
1022 2247 1172 2294 humo

474 2334 558 2396 56,
586 2335 651 2381 25
695 2334 800 2382 Ter.
839 2333 998 2382 Andr.
1036 2337 1144 2383 202
1180 2334 1262 2382 Ita
1299 2337 1472 2396 aperte
1509 2334 1670 2395 ipsam
1707 2349 1814 2381 rem
1850 2334 2000 2384 modo

324 2407 518 2455 locutus
556 2407 628 2454 nil
659 2407 997 2455 circumitione
1034 2423 1154 2456 usus
1195 2423 1247 2456 es

473 2481 557 2541 58,
600 2482 666 2528 16
719 2482 777 2541 ef.
816 2496 969 2541 supra
1006 2482 1071 2530 ad
1109 2482 1190 2537 55,
1229 2485 1294 2529 10

474 2554 565 2615 58,
608 2556 673 2602 19
701 2569 739 2602 s,
817 2556 876 2614 ef.
922 2554 1002 2602 Pl.
1051 2554 1187 2616 Gapt.
1235 2557 1335 2603 160
1371 2569 1468 2614 sqq.
1567 2551 1706 2600 Cure.
1754 2555 1853 2599 444
1898 2568 2016 2613 sqq.

325 2625 456 2674 Pers.
494 2627 632 2674 IIII
665 2629 710 2682 6,
748 2629 819 2675 20
854 2643 950 2688 sqq.
1030 2628 1164 2677 Trin.
1201 2630 1334 2677 1021
1357 2643 1394 2676 s.
1471 2626 1686 2685 Taurea:
1725 2624 1866 2674 Asin.
1891 2628 1998 2675 372

473 2699 557 2762 58,
599 2701 666 2747 22
727 2701 808 2748 Pl.
848 2701 958 2749 Mil.
999 2702 1100 2749 354.
1138 2717 1175 2750 s.
1251 2701 1354 2750 PA.
1407 2700 1682 2761 Praecepta
1733 2699 1884 2748 facito
1938 2702 1998 2748 ut
2031 2727 2032 2743 2

323 2772 608 2820 memineris
650 2799 733 2822 --.
800 2773 904 2822 ΡΗ.
946 2773 1077 2823 Cedo
1115 2776 1198 2823 uel
1237 2775 1426 2836 decem,
1465 2773 1680 2822 edocebo

472 2846 557 2908 58,
599 2847 664 2894 23
730 2846 893 2895 Cicero
922 2862 1017 2908 pro
1055 2847 1104 2898 S.
1146 2849 1319 2897 Roscio
1357 2851 1452 2894 17³
1484 2846 1629 2896 Alter
1666 2848 1997 2909 plurimarum

323 2918 602 2979 palmarum
640 2922 786 2968 uetus
826 2935 882 2967 ac
919 2922 1101 2970 nobilis
1141 2921 1393 2984 gladiator
1430 2921 1644 2969 habetur
