2032 3202
877 127 1248 178 ..34—

208 247 302 299 nia
338 246 581 299 narrauit
619 244 773 314 quasi
813 245 905 313 qui
943 261 1152 295 mecum
1190 244 1399 296 uixerit.
1453 242 1647 296 MAND.
1700 242 1904 296 Datum
1978 259 1989 278 ⁴-

207 320 309 373 tibi
356 322 438 372 est
482 319 546 371 de
591 317 808 387 proprio
866 317 1002 369 nihil
1047 317 1257 370 habere.
1336 315 1542 370 SYCOF.
1626 317 1906 386 Intellego,
1984 319 2023 381 ;,,’,

208 393 402 445 MAND.
481 390 586 444 Sed
623 391 686 443 de
728 391 904 443 alieno
944 391 1248 459 plurimum.
1327 389 1531 444 SYCOF.
1607 389 1724 442 Iam
1762 389 1906 443 istud
1978 410 1982 427 2

210 467 366 519 nobis
422 465 634 518 sufficit.
719 463 877 516 Nunc
931 464 1061 516 illud
1115 467 1170 516 te
1226 483 1573 533 quaesumus,
1626 466 1688 516 ut
1741 464 1904 516 etiam

153 555 179 594 5
210 540 336 592 huic
373 557 634 607 responsa
671 538 879 590 tribuas
925 538 1132 589 homini
1181 538 1400 590 minime
1454 539 1614 591 malo.
1708 537 1905 590 MAND.

212 614 299 666 Ita
335 613 445 665 fiat.
521 611 670 664 Heus
710 614 770 663 tu
811 611 992 679 amice,
1031 614 1131 662 tun
1163 609 1425 672 Querolus
1465 612 1692 665 diceris?
1732 610 1907 673 QVER.
1984 625 2025 710 35

212 686 283 740 Di
331 689 385 739 te
438 688 665 754 seruent,
702 685 780 737 ita
819 686 914 737 est.
989 683 1185 736 MAND,
1256 683 1394 745 Quid
1431 685 1595 738 horae
1633 703 1907 753 nuncupa·
1994 686 2025 758 ᾗ

212 760 374 812 mus?
441 758 647 812 SYCOF.
685 758 835 810 Inter
875 760 1081 810 sextam
1121 760 1175 810 et
1212 758 1443 811 tertiam.
1505 759 1701 811 MAND.
1750 757 1904 811 Nihil
1991 761 2025 831 {3

213 834 420 900 fefellit,
467 833 529 884 de
571 832 849 901 clepsydra
886 832 1227 900 respondisse
1250 831 1524 884 hominem
1557 835 1726 901 putes,
1765 830 1907 895 Hem
1991 832 2025 900 Jffssssj

125 928 181 967 10
214 907 342 977 quid
379 906 585 976 igitur?
640 905 787 957 Mars
826 906 1086 974 trigonUS‚
1138 902 1401 958 Saturnus
1439 904 1706 958 Venerem
1742 906 1910 974 respi-
1993 891 2021 928 ³¹

213 981 302 1049 cit,
338 980 580 1049 Iuppiter
619 979 925 1049 quadratUS,
962 978 1258 1031 Mercurius
1308 979 1434 1031 huic
1472 980 1658 1050 iratus,
1706 980 1786 1032 sol
1823 998 1907 1032 ro·
1948 1044 1952 1045 γ
1985 987 2026 1046 ξ1

212 1054 431 1122 tundUS‚
467 1054 597 1105 luna
635 1054 693 1104 in
719 1053 859 1105 saltu
900 1055 993 1104 est.
1065 1051 1269 1122 Collegi
1295 1071 1509 1105 omnem
1532 1054 1641 1105 iam
1667 1053 1908 1123 genesim
1983 1050 2026 1122 {³3

212 1132 362 1179 tuam
389 1127 630 1188 Querole.
684 1126 830 1178 Mala
853 1126 1071 1178 fortuna
1094 1129 1148 1178 te
1172 1126 1382 1194 premit.
1423 1126 1598 1188 QVER.
1638 1125 1908 1196 Agnosco.

213 1201 406 1253 MAND.
483 1199 642 1252 Pater
700 1200 837 1251 nihil
890 1200 1134 1269 reliquit,
1189 1200 1346 1251 amici
1399 1200 1536 1251 nihil
1588 1201 1906 1270 largiuntur.

127 1295 181 1334 15
215 1274 389 1335 QVER.
427 1274 631 1326 Verum
670 1276 764 1325 est.
804 1272 1000 1325 MAND.
1039 1272 1138 1325 Vis
1177 1276 1354 1326 totum
1395 1273 1618 1325 audire?
1655 1273 1909 1326 Vicinum

214 1349 415 1400 malum
439 1348 655 1416 pateris,
696 1365 908 1398 seruum
947 1347 1257 1414 pessimum.
1306 1346 1479 1407 QVER.
1522 1348 1772 1416 Agnosco
1799 1366 1909 1400 om·
2000 1387 2022 1421 ,ς

213 1422 319 1474 nia.
382 1420 577 1472 MAND.
623 1419 723 1472 Vis
765 1423 817 1472 et
854 1421 1075 1471 nomina
1124 1421 1457 1472 seruulorum
1495 1421 1708 1473 tibimet
1746 1421 1909 1473 etiam
1999 1426 2024 1488 ¹2}

214 1513 358 1548 nunc
397 1494 657 1563 eloquar?
700 1493 875 1556 QVER.
913 1492 1113 1545 Audire
1139 1494 1310 1562 cupio.
1349 1493 1545 1546 MAND.
1587 1492 1782 1547 Seruus
1806 1494 1910 1547 tibi
1979 1511 2025 1568 :25

212 1571 299 1623 rest
335 1567 700 1621 Pantomalus.
765 1566 938 1629 QVER.
978 1567 1179 1620 Verum
1220 1570 1315 1619 est.
1376 1566 1573 1620 MAND.
1633 1567 1736 1621 Est
1775 1568 1910 1620 alter
1992 1554 2025 1612 ⁴

127 1664 185 1704 20
216 1640 359 1694 Zeta.
439 1642 614 1703 va.
676 1640 1027 1693 Manifestum
1067 1644 1162 1692 est.
1227 1639 1432 1694 SYCOF.
1495 1640 1539 1694 O
1580 1642 1910 1695 sacerdotem
2003 1638 2024 1717 ᾖ·

217 1715 472 1768 diuinum.
534 1714 730 1767 MAND.
792 1713 961 1767 Visne
1001 1714 1174 1766 adhuc
1213 1714 1487 1782 amplius?
1543 1715 1715 1768 scisne
1755 1734 1787 1767 a
1825 1734 1910 1768 me
2014 1726 2018 1734 ·

216 1788 432 1842 domum
470 1791 621 1841 tuam
659 1788 936 1857 ignorari?
992 1787 1166 1849 QVER.
1205 1787 1453 1840 Maxime.
1502 1787 1699 1840 MAND.
1738 1787 1910 1841 Porti—

216 1881 308 1915 cus
368 1863 468 1914 tibi
523 1865 605 1914 est
649 1862 708 1913 in
763 1862 968 1927 dextra,
1021 1864 1083 1912 ut
1135 1861 1456 1930 ingrediaris
1466 1903 1479 1929 ,
1536 1862 1827 1915 sacrarium
1881 1880 1908 1914 e

217 1935 439 1988 diuerso,
502 1935 678 1997 QVER.
739 1934 825 1986 Ita
879 1937 1007 1986 sunt
1046 1934 1240 1986 omnia.
1302 1933 1498 1987 MAND.
1559 1934 1625 1987 In
1676 1936 1908 1988 sacrario

129 2030 185 2071 25
215 2010 322 2061 tria
361 2009 553 2078 sigilla.
617 2008 792 2070 QVER.
855 2007 1056 2060 Verum
1098 2010 1191 2060 est.
1252 2007 1405 2061 MAN.
1468 2008 1689 2062 Tutelae
1727 2026 1910 2078 unum,

219 2083 498 2151 geniorum
539 2082 659 2134 duo.
701 2081 875 2142 QVER.
914 2081 1030 2133 Iam
1068 2082 1176 2134 iam
1202 2083 1562 2150 comprobasti
1585 2085 1909 2151 potestatem

332 2288 358 2328 6
387 2284 504 2328 heus
533 2285 580 2328 te
610 2285 684 2339 R}
714 2279 798 2327 tun
831 2285 874 2327 L
904 2285 990 2327 tun
1028 2284 1069 2327 V
1094 2285 1167 2339 tul
1194 2285 1240 2329 P
1269 2298 1327 2329 ne
1361 2287 1461 2339 (om.
1491 2286 1564 2334 tu)
1592 2285 1670 2340 Rp
1709 2289 1731 2328 7
1749 2284 1817 2328 dii
1845 2286 1905 2339 ml

220 2339 363 2392 vaz.
403 2340 481 2384 Dii
520 2341 568 2384 te
605 2365 644 2371 —
685 2354 841 2384 nuncu
878 2345 1040 2384 amus?
1109 2340 1262 2390 MAND,
1309 2341 1441 2385 Inter
1469 2370 1523 2377 --
1552 2340 1755 2384 tertiam.
1803 2339 1906 2385 8Υο.

218 2395 349 2439 Nihil
379 2421 433 2427 —
487 2397 592 2440 utes
633 2396 771 2449 Qvnn.
859 2410 932 2440 em
971 2411 1016 2451 q.
1057 2396 1232 2453 igitur?
1293 2396 1448 2441 Mimo.
1477 2395 1601 2440 Mars
1641 2400 1717 2440 etc.
1758 2397 1909 2440 nescio

220 2453 323 2506 quis
350 2452 404 2495 in
487 2453 656 2496 aniel-is
686 2453 755 2496 ed.
785 2452 933 2496 altera
957 2455 965 2504 Ι
991 2466 1098 2496 orae
1122 2465 1159 2509 p
1260 2458 1286 2497 8
1316 2454 1511 2509 sextam]
1533 2451 1786 2496 secundam
1807 2451 1906 2496 Da-

217 2507 314 2555 niel
355 2521 456 2551 mar
489 2547 497 2554 .
539 2508 547 2564 Ι
585 2509 793 2565 tertiam]
840 2508 1090 2564 septimam
1133 2509 1331 2556 Klinkh.
1373 2510 1381 2565 Ι
1420 2508 1571 2551 MAm).
1612 2507 1742 2551 Nihil
1778 2508 1910 2552 VPR

207 2562 363 2619 vaz.
394 2564 457 2606 Ni
491 2564 527 2606 il
558 2565 616 2607 L¹
653 2565 840 2622 Queroli
868 2577 1033 2608 ‘nomen
1063 2579 1243 2610 erasum
1274 2565 1337 2608 12²
1478 2568 1504 2608 9
1535 2564 1692 2619 cleps]
1723 2564 1906 2608 horolo-

256 2631 349 2677 ‘um
394 2635 664 2688 aquaticum
702 2634 760 2690 91.
790 2634 837 2677 R
863 2635 867 2687 Ι
894 2627 1131 2679 hominem
1174 2649 1247 2679 res
1284 2634 1464 2678 ondisse
1509 2633 1553 2677 L
1735 2639 1787 2679 10
1815 2647 1908 2691 sqq.

211 2647 347 2735 ἧρπε
378 2714 429 2720 -
462 2689 584 2732 saltu
616 2691 688 2733 est
725 2695 766 2733 et
795 2690 919 2733 Mala
954 2716 1008 2722 —
1038 2692 1212 2746 premit
1294 2690 1579 2746 uitprandus
1614 2690 1846 2745 Antapod.
1879 2691 1913 2734 1

219 2757 255 2789 c.
291 2750 339 2787 11
460 2749 509 2788 11
542 2745 715 2800 iupiter
744 2748 791 2790 P
816 2747 824 2801 Ι
848 2746 971 2803 huic]
1003 2746 1093 2790 tibi
1123 2747 1311 2801 Liutpr.
1442 2751 1494 2790 13
1523 2747 1571 2789 te
1608 2747 1798 2803 premit]
1838 2748 1908 2790 te-

219 2796 327 2899 {3¹st
356 2800 399 2843 L
517 2805 568 2844 14
597 2801 800 2856 reliquid
829 2803 876 2847 P
983 2808 1033 2846 17
1064 2804 1199 2860 seru]
1229 2802 1511 2846 famulorum
1541 2801 1617 2858 Rp
1705 2807 1758 2847 20
1789 2799 1911 2846 Geta

274 2856 400 2901 aniel
428 2856 503 2900 hic
533 2861 574 2900 et
603 2857 734 2910 infra
763 2863 814 2901 23
845 2859 914 2913 ut]
945 2858 1070 2902 unde
1106 2858 1304 2915 Ganney.
1355 2862 1409 2902 26
1437 2858 1643 2914 iamiam]
1674 2859 1768 2902 iam
1793 2857 1908 2913 0121>

221 2912 285 2967 „fl
316 2911 410 2955 iam
441 2915 604 2957 tuam“
639 2912 816 2956 Daniel
846 2914 899 2956 in
930 2915 972 2957 L
1003 2915 1252 2960 adnotauit
