2032 3202
767 124 1133 177 -29—

56 239 58 244 ’
103 242 356 311 Hahahe,
401 243 490 295 hic
537 242 583 294 si
630 241 832 311 aliquid
882 241 1174 311 gubernari
1218 259 1426 311 censeS,
1471 243 1654 296 nescio
1705 244 1800 297 ubi

102 316 447 387 naufragium
500 315 711 368 dixeris.
793 313 903 367 Vbi
962 332 1142 367 rerum
1211 317 1450 369 omnium
1519 317 1801 385 penuriam

103 409 222 444 esse
276 391 500 459 norunt,
554 388 667 441 illic
716 388 965 440 homines
1020 393 1368 459 congregant.
1453 388 1675 443 Summa
1718 394 1802 444 est

47 463 50 467 ’
103 464 353 533 medella,
406 463 647 516 uicissim
698 462 806 514 alia
851 464 912 514 ut
957 466 1207 515 euerrant
1244 463 1379 517 loca.
1454 463 1659 517 Messes
1698 465 1799 518 hac

39 536 49 595 ,Ῑ
103 540 266 607 atque
312 537 436 590 illac
481 535 818 589 transferunt
863 535 991 588 diris
1046 537 1461 607 tempestatibus
1509 556 1798 608 omnesque

42 648 46 662 .
101 610 308 664 fructus
347 629 642 679 paucorum
680 610 997 678 improbitas
1037 611 1194 679 capit.
1236 609 1410 664 SARD.
1447 611 1668 665 Nonum
1698 612 1801 664 tibi

103 687 187 738 est
222 684 506 737 transferri
544 683 781 736 messes?
819 682 1017 737 MAND.
1055 683 1182 737 Istis
1206 685 1334 737 licet
1356 704 1535 738 rerum
1561 686 1801 738 omnium

38 779 42 781 ·
104 759 308 828 species
365 760 524 827 atque
576 757 780 811 formas
835 760 896 810 ut
950 759 1168 810 libuerit
1214 762 1439 812 uertere.
1509 758 1614 812 Sed
1669 761 1801 828 quot

0 847 13 879 1
105 832 361 902 gradibus
386 835 440 885 et
461 831 967 884 transfusionibus?
1009 832 1153 884 aliud
1177 851 1242 885 ex
1282 833 1390 886 alio
1430 833 1633 885 iubent.
1682 833 1799 885 Tri-

102 905 272 958 ticum
318 924 384 958 ex
433 906 563 959 uino
612 906 790 958 subito
837 905 955 957 fieri
1001 905 1209 976 uideas,
1255 907 1443 959 uinum
1492 924 1558 959 ex
1602 906 1800 960 tritico.

101 977 220 1032 Iam
257 980 400 1032 flaua
440 997 592 1049 seges
629 979 817 1032 hordei
855 979 1013 1032 facile
1053 980 1282 1033 efficitur
1306 999 1370 1033 ex
1410 980 1600 1049 quouis
1637 981 1799 1034 titulo

0 1057 1 1073 ¹
102 1055 156 1106 et
199 1054 433 1107 nomine.
516 1053 773 1106 Mortales
827 1070 955 1106 uero
1011 1053 1218 1106 animas
1273 1055 1385 1106 siue
1442 1053 1630 1107 inferis
1687 1054 1800 1106 siue

103 1129 311 1196 superis
353 1128 545 1180 addere
591 1128 770 1179 nullus
817 1127 984 1181 labor.
1062 1125 1235 1180 SARD.
1311 1126 1477 1180 Vides
1518 1145 1647 1197 ergo
1687 1130 1800 1180 tam

100 1203 351 1270 potentes
390 1201 595 1270 placari
635 1200 918 1269 oportere?
958 1205 1150 1254 MAND.
1190 1200 1434 1270 Hahahe‚
1473 1201 1657 1270 paucis
1695 1201 1800 1254 hoc

100 1274 240 1342 licet,
281 1275 517 1327 sacraria
555 1275 724 1327 istaec
764 1274 926 1326 nimis
968 1275 1200 1344 superba
1225 1278 1352 1328 sunt
1390 1278 1444 1326 et
1482 1278 1801 1343 sumptuosa

101 1348 354 1401 maxime:
394 1349 440 1401 si
479 1348 734 1401 obaudire
772 1348 955 1415 uultiS,
994 1349 1184 1419 exiguo
1224 1352 1412 1401 uotum
1453 1348 1554 1402 soli
1601 1349 1797 1401 sacello

0 1449 2 1461 ·
103 1421 313 1475 soluite.
405 1420 613 1474 SYCOF.
690 1420 765 1472 Et
811 1423 989 1473 oracla
1027 1423 1193 1474 istaec
1231 1422 1454 1474 ubinam
1494 1422 1800 1491 specialiter

102 1498 232 1548 sunt
276 1494 608 1564 expetenda?
684 1493 880 1547 MAND.
955 1494 1065 1548 Vbi
1104 1496 1258 1563 libet,
1304 1496 1404 1548 hac
1454 1499 1614 1565 atque
1659 1496 1799 1565 illac,

104 1588 317 1622 sursum
350 1569 614 1638 deorsum,
651 1569 709 1620 in
732 1571 876 1620 terra
906 1570 963 1621 in
1002 1571 1153 1622 mari.
1195 1567 1402 1622 SVCOF.
1440 1568 1515 1622 Et
1547 1569 1799 1638 quisnam

47 1705 50 1707 ,
100 1642 287 1695 infelix
332 1643 723 1712 deprehendere
772 1645 866 1694 aut
912 1642 1059 1695 adire
1106 1644 1282 1712 possit
1326 1643 1460 1696 haec
1506 1646 1621 1695 tam
1658 1660 1799 1712 uaga

104 1716 316 1769 sidera?
355 1715 552 1769 MAND.
591 1715 757 1768 Adire
795 1733 900 1768 ‘non
938 1716 1095 1769 facile
1136 1718 1233 1785 est,
1273 1717 1419 1769 abire
1451 1716 1799 1785 impossibile.

0 1789 2 1816 ⁵
33 1847 35 1850 ,
102 1788 312 1844 SYCOF.
352 1790 527 1852 Quam
566 1791 635 1842 ob
674 1789 826 1842 rem?
867 1790 1067 1843 MAND.
1104 1791 1372 1859 Mysteria
1396 1793 1525 1842 sunt
1554 1790 1612 1842 in
1652 1790 1801 1843 aditu

0 1879 33 1894 ’-
103 1863 316 1917 diuersa
355 1867 409 1916 et
448 1864 675 1932 occulta,
723 1881 858 1932 quae
897 1883 998 1917 nos
1041 1864 1142 1917 soli
1187 1864 1465 1917 nouimus:
1542 1863 1800 1932 Arpyiae,

103 1938 467 2006 cynocephali,
490 1937 677 2006 furiae,
714 1937 908 2007 ululae,
946 1941 1243 1992 nocturnae
1270 1938 1479 2007 striges,
1528 1936 1799 1990 Absentes

101 2010 288 2079 hydris
329 2014 679 2080 congregant,
724 2014 1038 2078 praesentes
1089 2012 1257 2081 uirgis
1299 2012 1636 2064 submonent.
1711 2011 1798 2063 Ita

214 2216 240 2255 3
260 2224 354 2255 non
375 2211 542 2254 reoeant
564 2211 608 2255 L
628 2223 722 2254 non
751 2181 919 2255 reglant
939 2212 985 2254 P
1004 2212 1035 2253 fi
1053 2225 1102 2255 re
1141 2212 1223 2254 ant
1243 2212 1534 2269 congregant
1555 2213 1571 2263 (
1575 2211 1801 2266 posterior

102 2280 198 2314 uox
211 2281 286 2324 pr.
306 2268 411 2324 del.)
428 2247 479 2310 ἳῘ
493 2268 784 2356 congregant
802 2246 880 2323 ‘Rp
909 2273 936 2311 4
965 2267 1101 2311 mede
1124 2281 1152 2310 a
1167 2267 1259 2312 PR
1285 2270 1291 2323 Ι
1319 2269 1535 2312 euertant
1561 2267 1647 2311 VP
1666 2280 1799 2310 euer-

0 2348 2 2425 ζ
38 2346 40 2349 ’
102 2366 234 2411 tatL
257 2367 476 2411 everrant
493 2365 695 2409 namen
722 2367 727 2420 ι
755 2334 807 2409 21¹0
838 2366 884 2409 P
941 2365 1090 2422 ssed]
1111 2365 1246 2410 sm.
1277 2367 1397 2411 sap
1437 2367 1444 2418 ι
1517 2367 1600 2410 not
1636 2365 1801 2410 VP²R

0 2434 2 2465 z
39 2446 41 2448 ·
103 2422 232 2479 quod
261 2422 378 2466 LP¹
493 2427 518 2465 9
548 2422 871 2477 interroyandi
899 2426 1010 2466 nota
1040 2436 1171 2467 erasa
1206 2422 1277 2478 V!
1304 2422 1432 2465 aliud
1533 2437 1639 2467 Ano.
1666 2434 1722 2467 ss.
1754 2422 1802 2466 P

107 2482 159 2522 15
189 2479 476 2534 sumptuosa·
525 2477 729 2521 Maxime
762 2478 801 2520 si
832 2495 866 2522 ω
897 2483 1004 2533 post
1032 2479 1234 2522 maxime
1268 2478 1374 2524 dist.
1477 2478 1601 2523 inkh.
1746 2483 1799 2524 17

34 2570 41 2593 ,Ι
105 2533 267 2578 Srcor.
314 2533 389 2590 Et]
435 2534 497 2578 Et
554 2547 613 2579 er.
646 2534 692 2577 P
731 2534 738 2588 1
778 2534 935 2578 oracla
969 2534 1091 2579 VP?
1142 2535 1314 2579 oracl’a
1361 2535 1407 2579 L
1455 2534 1643 2578 oracula
1690 2534 1730 2578 G
1791 2536 1798 2591 Ι

0 2602 3 2621 ¹
105 2590 269 2647 istaec]
329 2590 457 2648 istas]
483 2592 530 2636 P
565 2594 571 2646 Ι
608 2589 870 2647 spetialiter
902 2607 936 2634 ω
1269 2596 1320 2635 18
1361 2591 1617 2646 expetenta
1646 2594 1718 2647 (ss.
1749 2591 1799 2645 d)

41 2675 43 2679 .
111 2645 156 2689 V
259 2650 311 2690 19
341 2646 391 2689 in
419 2647 547 2692 terra
576 2659 663 2692 om.
694 2647 740 2690 P
766 2649 773 2685 Ι
799 2647 848 2690 et
876 2646 925 2690 in
955 2648 1072 2691 mari
1096 2648 1159 2703 pl
1190 2647 1471 2703 Ecquisnam
1505 2646 1642 2693 Grut.
1743 2651 1800 2692 20

0 2754 3 2767 Ι
40 2703 50 2737 Γ
103 2702 240 2746 uaria
266 2702 407 2758 uulyo
579 2708 631 2747 21
674 2702 812 2746 facile
844 2719 879 2746 ω
917 2702 1109 2748 difficile
1139 2704 1335 2748 Klinkh.
1358 2708 1552 2759 propter
1578 2717 1623 2759 p.
1655 2708 1798 2793 3031.

106 2812 186 2856 eyo
214 2813 308 2843 non
339 2799 509 2845 addidi
651 2806 705 2846 22
737 2799 900 2854 auditu
930 2802 976 2846 P
1134 2807 1187 2846 23
1218 2804 1255 2846 A
1318 2803 1439 2859 igiae
1478 2802 1563 2847 VP
1591 2802 1656 2845 Ar
1690 2802 1796 2867 {gae

46 2903 47 2906 ,
97 2868 176 2911 pr.
206 2869 244 2901 c.
274 2856 319 2900 L
497 2861 553 2901 24
583 2857 903 2914 cynocephali]
942 2856 1216 2914 capripedes
1255 2872 1315 2903 α.
1346 2859 1400 2903 in
1428 2871 1522 2903 ras.
1558 2858 1602 2902 V
1625 2871 1658 2902 u
1687 2872 1705 2902 z
1733 2871 1797 2903 se-

108 2911 273 2967 quitur
299 2913 473 2957 lacwna
502 2918 529 2957 3
559 2913 820 2959 litterarum

1831 556 1858 596 5

1835 925 1890 965 10

1834 1292 1888 1332 15

1832 1662 1888 1700 20

1832 2028 1886 2068 25
