2032 3202
681 120 1064 166 —xxlx-

180 247 258 295 Ex
302 247 510 309 antiqua
554 245 881 294 Aulularia.
915 247 1127 328 ‘praeter
1172 245 1375 294 fabulae
1427 262 1607 297 nomen
1659 253 1710 297 et

32 320 291 370 Euclionis
337 320 580 382 Larisque
625 334 865 381 personas
910 319 1170 380 ipsamque
1209 319 1361 367 ollam
1399 322 1510 368 auri
1547 322 1709 370 medio

11 389 85 444 111
120 394 230 443 foco
254 393 505 442 defossam
529 385 599 458 (p.
625 393 674 454 Q
700 394 730 440 2
759 413 829 430 =
853 392 980 454 prol.
1005 385 1063 457 8)
1101 393 1337 453 pauciora
1369 396 1709 456 expectatione

28 469 209 516 auctor
246 466 586 528 transcripsit:
648 465 892 514 accedunt
929 465 994 514 ad
1032 480 1092 514 ea
1129 481 1256 528 quae
1295 482 1447 529 supra
1485 468 1547 516 ad
1589 471 1705 530 6,1

12 542 87 613 ¹‘ct
124 542 212 604 42,
254 543 317 588 11
361 539 511 588 attuli
548 539 720 587 haece:

180 644 228 706 8,
272 635 298 691 1
378 642 469 691 IV
501 643 551 698 3,
591 644 623 689 4
662 641 750 691 sed
790 657 883 704 ego
923 657 1060 690 cesso
1101 642 1334 690 currere?

182 719 229 779 9,
273 717 338 765 13
415 715 507 764 IV
540 718 620 771 10,
661 715 727 764 59
765 715 882 763 audi
918 715 1151 764 nunciam

14 804 26 833 ,ιγ
183 792 268 853 26,
311 793 340 839 7
418 789 510 838 IV
544 791 591 844 4,
630 791 702 837 28
737 791 904 838 tecum
943 789 1092 837 simul

11 838 41 923 ἐξ
186 866 270 926 27,
313 865 343 911 6
421 863 494 911 ΙΙ
524 865 576 918 2,
614 864 687 911 32
724 863 884 911 habeo
923 863 1144 924 gratiam
1306 880 1308 883 ’

13 929 21 966 ‘s
181 938 266 999 36,
310 938 376 985 12
453 937 546 985 IV
579 938 625 992 4,
666 938 732 984 18
769 940 813 984 et
848 937 920 984 27
954 936 1034 984 tui
1072 937 1343 998 quidquam

180 1012 266 1072 40,
311 1013 374 1059 17
443 1011 573 1071 prol.
619 1011 690 1057 37
750 1009 836 1057 sed
880 1009 962 1057 hic
1008 1025 1157 1057 senex
1201 1010 1302 1058 iam
1348 1011 1530 1059 clamat
1575 1012 1709 1060 intus

16 1087 91 1132 ·ut
130 1084 258 1132 solet

179 1158 266 1219 41,
308 1160 336 1205 7
415 1157 454 1204 Ι
486 1158 532 1210 1,
571 1159 609 1205 2
646 1156 1106 1218 circumspectatrix

179 1231 266 1292 41,
311 1231 374 1278 19
452 1229 544 1278 IV
577 1233 658 1288 10,
696 1231 764 1276 35
809 1245 969 1292 neque
1008 1246 1101 1292 ego
1142 1246 1321 1278 aurum
1357 1246 1518 1293 neque
1555 1231 1711 1281 istaec

17 1303 150 1352 'aula
189 1319 315 1365 quae
356 1303 452 1352 siet
491 1302 600 1352 Scio
639 1319 729 1365 nec
767 1304 886 1351 noui

180 1378 266 1438 42,
309 1378 376 1425 10
451 1377 492 1424 Ι
531 1379 591 1432 2,
632 1379 702 1424 12
761 1392 882 1425 caue
930 1392 1229 1438 quemquam
1275 1377 1429 1425 alium
1474 1378 1526 1425 in
1563 1379 1710 1426 aedes

31 1449 368 1498 intromiseris

181 1525 267 1585 43,
310 1524 376 1571 23
453 1523 526 1570 ΙΙ
559 1525 605 1578 4,
645 1526 712 1570 17
747 1524 848 1571 uah

19 1613 23 1617 ²
105 1589 156 1647 {02
175 1597 268 1658 44,
310 1597 379 1643 24
455 1597 546 1644 IV
572 1599 709 1652 9,10
745 1598 844 1645 heu
883 1613 962 1645 me
1002 1597 1255 1659 miserum,
1295 1598 1546 1660 miserum,
1585 1598 1712 1660 perii

14 1669 164 1729 ,11111116
202 1669 429 1731 perditus

16 1735 26 1814 'j
181 1745 268 1805 46,
309 1745 339 1791 5
418 1744 490 1790 ΙΙ
522 1745 573 1798 2,
612 1744 681 1791 39
719 1759 898 1791 aurum
935 1744 1050 1791 huic
1089 1744 1190 1792 olet

14 1816 31 1879 ζ
182 1817 378 1879 46,14
454 1817 546 1865 IV
579 1818 698 1872 3,1
737 1833 837 1865 non
873 1818 1062 1864 temere
1101 1820 1178 1865 est
1217 1817 1347 1879 quod
1386 1833 1561 1866 coruos
1602 1834 1712 1866 ean-

16 1887 111 1939 ‘tat
149 1855 274 1938 mihi
310 1905 442 1938 nunc
479 1890 543 1937 ab
583 1891 729 1938 laeua
767 1907 919 1938 manu

183 1964 252 2011 52
295 1978 398 2024 sqq.
474 1963 565 2012 IV
599 1967 678 2019 10,
717 1965 787 2010 33
827 1964 994 2012 aulam
1033 1964 1143 2011 auri
1180 1964 1382 2028 inquam
1418 1968 1470 2013 te
1509 1981 1712 2027 reposco

18 2051 189 2098 quam
225 2039 283 2084 tu
322 2035 576 2085 confessus
616 2037 739 2084 mihi
778 2038 849 2086 Te
889 2038 1158 2086 abstulisse
1198 2043 1278 2087 etc.

184 2110 269 2170 55,
311 2111 340 2157 9
417 2110 509 2157 IV
543 2113 622 2165 10,
661 2112 730 2157 30
789 2111 897 2158 Iam
943 2111 1142 2172 quidem
1189 2112 1326 2159 herle
1372 2115 1423 2160 te
1471 2112 1535 2159 ad
1573 2127 1713 2173 prae-

18 2174 206 2245 {torem
242 2183 438 2245 rapiam
477 2186 527 2230 et
565 2183 659 2231 tibi
699 2184 912 2231 scribam
951 2185 1127 2234 dicam.

0 2260 42 2374 Ξ

0 2379 2 2407 ἶ
19 2372 31 2413 Y

846 2428 900 2470 V.

0 2506 27 2576 {²
184 2519 329 2569 Addo
370 2521 592 2569 eiusdem
638 2522 750 2569 aeui
796 2522 1163 2570 comoedialum
1200 2522 1421 2583 uestigia
1458 2523 1715 2583 quaedam.

21 2598 25 2605 “
184 2593 554 2677 Fulgentius
594 2595 775 2657 Expos.
802 2611 946 2643 serm.
971 2599 1072 2643 ant.
1103 2613 1150 2657 p
1176 2596 1298 2658 566,
1341 2598 1393 2644 7:
1434 2594 1714 2645 Summates

24 2665 276 2714 dicuntur
325 2668 423 2715 uiri
471 2671 715 2751 potente-s.
807 2667 1116 2751 Simpolones
1170 2668 1402 2717 dicuntur
1455 2670 1716 2718 conuiuae:

23 2751 159 2787 -nam
197 2741 248 2787 et
286 2742 474 2791 amicus
515 2743 698 2804 sponsi,
740 2742 824 2804 qui
863 2758 973 2790 cum
1012 2758 1069 2791 eo
1110 2758 1199 2804 per
1223 2743 1454 2791 conuiuia
1478 2744 1716 2805 ambulat,

21 2803 338 2892 {simpulator
369 2815 563 2864 dicitur
627 2815 868 2864 Sutrius
906 2816 959 2864 in
998 2815 1315 2865 Comoedia
1354 2817 1715 2865 Piscatoria:

22 2891 300 2958 5summaz‘es
336 2889 436 2937 uiri
473 2890 756 2950 simpolones
794 2891 912 2949 facti
949 2893 1062 2938 szmt
1094 2891 1251 2950 φακοὶ.

22 2963 45 3202 5
