2032 3202
729 115 1117 160 -Xxm-

237 245 286 307 5,
327 245 394 292 23
430 239 559 291 'Ter.
597 241 776 290 Heaut.
805 241 934 301 prol.
974 242 1043 289 12
1090 238 1338 287 Vostrum
1376 240 1615 288 iudicium
1652 240 1773 288 fecit

86 318 158 367 25
199 317 464 366 arbitrium
500 317 745 376 nostrum,
784 315 960 362 nostra
999 314 1319 361 existumatio
1359 314 1550 361 valebit

237 391 287 451 5,
312 391 378 438 25
422 389 530 437 Ter.
554 388 734 437 Heaut.
748 388 877 448 prol.
901 389 972 435 20
1008 387 1179 435 Habet
1210 386 1455 434 bonorum
1478 387 1772 449 exemplum,

91 480 187 528 quo
236 463 459 524 exemplo
511 462 608 510 sibi
698 461 872 509 Licere
908 461 974 508 ‘id
1024 461 1188 508 facere
1239 460 1372 522 quod
1422 461 1498 508 illi
1547 461 1774 509 fecerunt

90 538 286 673 putassss’
314 612 340 657 1
382 609 466 658 Pl.
488 607 657 657 Aulul.
687 609 816 669 prol.
841 591 880 656 2
915 622 1012 668 sqq.
1051 608 1179 669 Ego
1219 607 1319 654 Lar
1359 623 1470 655 sum
1507 608 1772 656 familiaris

89 699 194 746 sqq.
292 683 375 733 Pl.
415 682 746 731 Carbonariae
783 683 848 762 fr.
895 680 1177 729 Secundum
1213 681 1378 742 ipsam
1416 696 1473 728 ar
1475 696 1557 729 am
1594 697 1774 729 aurum

18 763 24 773 ’
89 756 379 806 abscondidi

239 833 285 892 6,
327 832 397 878 20
435 829 515 877 ΡΖ.
555 829 769 878 Rudens.
807 829 941 875 1044
978 827 1093 875 Etsi
1129 828 1373 890 ignotast,
1412 829 1587 876 notust

240 907 285 965 7,
326 905 393 951 22
438 903 544 951 Ter.
583 902 813 950 Phormio
850 903 949 948 841
991 899 1032 949 Ο
1071 901 1275 949 fortuna
1314 917 1341 949 o
1380 902 1485 950 fors
1524 901 1729 949 fortuna

237 979 286 1038 8,
329 980 354 1024 1
423 977 529 1025 Ter.
568 974 726 1024 Andr.
764 975 868 1022 343
882 981 885 985 ’
915 973 1094 1023 Cessas
1142 974 1379 1037 adloqui?
1476 974 1578 1022 845
1618 973 1771 1023 Cesso

93 1049 329 1113 adloqui?
403 1050 581 1098 Heaut.
622 1049 724 1096 757
762 1047 914 1096 Cesso
954 1048 1084 1096 hunc
1124 1047 1345 1096 adoriri?

240 1125 289 1186 8,
333 1125 395 1170 11
475 1123 555 1170 ΡΖ.
611 1121 750 1182 Capt.
801 1122 901 1169 750
961 1122 1053 1170 Vis
1107 1122 1229 1169 haec
1283 1121 1484 1184 quidem
1536 1122 1772 1169 herclest.

87 1195 296 1257 Adelphi
345 1197 445 1243 943
495 1196 585 1244 Vis
636 1197 714 1244 est
762 1196 885 1243 haec
939 1195 1153 1258 quidem.
1251 1194 1443 1244 Sueten.
1492 1195 1558 1243 D.
1609 1196 1774 1244 Iulius

91 1283 128 1319 c.
168 1271 239 1318 82
275 1270 376 1317 ista
414 1269 616 1332 quidem
633 1283 635 1287 ·
652 1269 731 1317 uis
770 1271 849 1317 est

237 1345 286 1406 8,
336 1345 401 1390 21
458 1342 756 1391 Homuncio:
813 1342 920 1390 Ter.
968 1342 1102 1390 Ean.
1153 1342 1249 1390 591
1348 1342 1637 1390 homunculi
1691 1343 1774 1392 ΡΖ.

94 1415 232 1477 Capi.
261 1417 391 1477 prol.
432 1417 494 1463 51

239 1491 286 1551 8,
328 1491 395 1537 26
438 1489 546 1537 Ter.
584 1457 820 1537 ,41227
858 1488 1122 1550 Nusquam
1160 1488 1340 1549 pedem

239 1565 287 1625 9,
327 1565 358 1610 8
403 1563 509 1611 Ter.
547 1561 643 1610 Ad.
684 1565 783 1610 979
822 1561 962 1625 Syre,
999 1562 1291 1624 processisti
1329 1561 1476 1610 hodie
1515 1562 1724 1623 pulchre

239 1638 287 1698 9,
330 1638 394 1682 11
437 1636 516 1683 ΡΖ.
558 1634 668 1684 Cas.
707 1636 779 1682 II
811 1638 858 1690 8,
897 1638 935 1683 2
973 1635 1250 1697 Tamquam
1289 1635 1641 1683 carbonarium
1716 1637 1776 1696 cf.

79 1711 398 1770 prouerbium
436 1709 496 1757 de
535 1709 749 1756 calcaria
784 1709 838 1755 in
861 1709 1210 1757 carbonariam
1232 1709 1496 1770 peruenire
1525 1709 1776 1769 prolatum

91 1798 126 1832 a
164 1783 461 1832 Tertulliano
500 1783 558 1830 de
595 1796 740 1830 carne
778 1781 892 1830 Chr.
931 1784 963 1829 6

244 1859 326 1918 10,
371 1858 436 1904 14
476 1855 501 1903 ἱ)
525 1855 755 1904 Salwc'ani
794 1848 863 1921 (c.
903 1848 1044 1920 450)
1085 1856 1142 1902 de
1182 1854 1306 1903 Gub.
1347 1856 1422 1903 clei
1461 1857 1489 1903 Ζ.
1529 1856 1635 1903 ΙΙΙ
1678 1871 1779 1906 11011

92 1933 171 1979 est
207 1945 479 1992 numquam
517 1929 715 1977 omnino
754 1929 947 1991 fecisse,
984 1929 1150 1976 facere
1189 1943 1386 1977 cessare

246 2004 328 2064 10,
372 2004 436 2050 19
481 2002 587 2050 Ter.
626 2003 817 2051 Phorm.
855 2003 961 2050 245
999 2003 1280 2050 communia
1319 2018 1427 2050 esse
1467 2002 1592 2050 haec

244 2077 327 2137 11,
369 2077 400 2123 8
429 2075 550 2142 οΤον.
573 2074 731 2124 Andr.
771 2078 875 2124 782
911 2076 1207 2124 iocularium
1245 2076 1298 2123 in
1335 2076 1526 2124 malum
1563 2076 1777 2124 insciens

6 2120 11 2123 -
92 2165 250 2212 paene
288 2147 454 2196 incidi.
529 2148 721 2197 Phorm.
760 2151 862 2196 134
899 2149 1172 2197 iocularem
1210 2149 1483 2197 audaciam.

0 2701 11 2749 'ue
0 2603 12 2691 unu-w,
0 2423 13 2595 van-'rw
0 2375 12 2416 wa
0 2345 7 2366 τ’

30 2744 38 2750 .

247 2224 329 2284 12,
371 2223 402 2270 8
459 2221 714 2271 Martialis
750 2223 790 2270 I
821 2224 925 2270 112
979 2221 1104 2270 Cum
1142 2225 1194 2270 te
1232 2238 1333 2270 non
1370 2237 1583 2284 nossem,
1625 2222 1778 2270 domi-

94 2311 216 2344 num
252 2311 522 2378 regemque
568 2295 830 2343 uocabam:
885 2295 1030 2343 Nunc
1068 2296 1196 2343 bene
1233 2298 1284 2343 te
1323 2296 1463 2343 noui:
1518 2295 1620 2342 iam
1657 2295 1782 2344 mihi

94 2368 296 2418 Priscus
337 2369 436 2417 eris

248 2445 331 2505 12,
358 2444 424 2490 12
466 2411 742 2490 Menander
772 2457 819 2490 11.
845 2441 1075 2490 CLXVII
1101 2437 1354 2506 Φρόνησιν
1377 2436 1544 2490 ἀσκῶν
1565 2437 1782 2505 αφροσιν

90 2509 161 2579 μὴ
204 2518 304 2581 χρῶ
341 2515 505 2579 φίλοις

249 2592 333 2652 12,
373 2591 440 2638 22
507 2589 614 2638 Ter.
665 2589 798 2637 Eum.
837 2590 967 2650 prol.
1008 2591 1070 2636 41
1134 2588 1395 2637 Nullumst
1442 2589 1545 2636 iam
1593 2589 1783 2637 dictum

95 2662 232 2724 quod
267 2678 367 2712 non
407 2663 474 2711 sit
511 2663 702 2711 dictum
739 2662 880 2724 prius

249 2739 338 2798 12,
379 2739 445 2784 22
500 2737 759 2786 Martialis
807 2735 928 2783 XII
960 2737 1028 2782 34
1069 2738 1257 2782 7-11
1319 2734 1372 2782 Si
1421 2736 1585 2783 uitare
1641 2737 1780 2784 uoles

15 2867 18 2870 ι
98 2809 280 2856 acerba
319 2810 564 2871 quaedam
639 2811 706 2858 Et
743 2810 919 2857 tristes
958 2809 1111 2856 animi
1149 2824 1325 2857 cauere
1363 2825 1577 2871 morsus,
1639 2809 1782 2856 Nulli

95 2883 149 2930 te
172 2881 328 2931 facias
352 2883 499 2932 nimis
526 2884 762 2932 sodalem.
820 2882 1073 2930 Gaudebis
1098 2882 1277 2945 minus,
1311 2886 1362 2931 et
1392 2883 1557 2930 minus
1591 2882 1781 2931 dolebis
