2032 3202
172 921 227 960 10

171 1286 227 1327 15

170 1655 226 1696 20

919 125 1285 178 ..30—

261 261 434 312 neque
489 243 675 295 abesse
721 242 927 295 licitum
973 244 1055 294 est
1105 259 1205 294 nec
1259 240 1405 293 adire
1465 243 1654 294 tutum.
1739 241 1951 295 Turbas

262 319 490 387 abigunt
529 319 589 369 et
619 316 806 369 turbas
848 318 1045 368 amant.
1123 314 1261 377 Quid
1299 315 1455 383 plura
1478 314 1744 383 quaeris?
1799 312 1857 367 Si
1892 316 1949 367 te

259 387 482 443 numina
521 390 771 460 diligunt,
806 407 873 442 ne
912 392 972 440 tu
1012 388 1297 458 quicquam
1321 388 1446 440 hinc
1468 388 1699 441 noueris,
1739 385 1946 441 SYGOF.
1980 406 1993 438 ί

260 464 431 533 Atqui
479 464 725 516 sacerdos
774 465 974 531 noster,
1021 462 1337 530 mysterium
1381 462 1485 515 hoc
1530 462 1639 513 iam
1687 461 1948 530 displicet.
1969 499 1973 502 <

259 537 341 589 De
382 537 612 589 secundo
636 538 728 589 illo
755 554 950 606 genere
983 535 1233 588 anserino
1266 534 1496 588 edissere
1537 538 1694 604 atque
1728 552 1951 605 expone,
1992 536 2016 602 l:

261 611 307 663 si
347 610 474 679 quid
512 614 594 662 est
631 610 776 663 boni.
828 609 1024 661 MAND.
1069 607 1170 661 Isti
1209 611 1335 662 sunt
1373 609 1464 677 qui
1502 627 1599 676 pro
1639 608 1949 662 hominibus
1988 612 2022 679 ‘'s-³

258 687 514 752 perorant
552 687 678 736 ante
718 702 838 736 aras
880 686 1039 751 atque
1087 683 1296 751 altaria,
1340 682 1532 752 quibus
1581 699 1787 751 cygnea
1826 684 1952 734 sunt

260 758 437 826 capita
500 759 553 809 et
615 757 765 810 colla.
840 756 1116 825 Reliquias
1179 755 1334 808 edere
1393 773 1700 810 mensarum
1756 755 1947 808 solent.
1991 741 2030 836 ἦ

259 831 361 883 Isti
387 834 513 883 sunt
536 831 823 883 ariolorum
862 831 1023 899 longe
1046 829 1398 898 fallacissimi,
1436 832 1648 882 tantum
1671 831 1766 898 est,
1805 828 1948 898 quod

258 907 388 957 uota
424 904 706 956 hominum
743 904 1164 972 interpretantur
1189 906 1243 955 et
1265 903 1383 955 uale
1407 920 1724 973 precemque
1749 900 1948 971 dicunt,

259 978 353 1031 sed
397 996 657 1046 responsa
695 996 990 1046 numquam
1029 977 1246 1029 eliciunt
1285 994 1538 1046 congrua.
1579 973 1941 1029 SARDHosne
1991 970 2029 1097 Ξῖ

258 1054 319 1103 tu
360 1052 533 1103 olores
575 1069 691 1103 esse
714 1051 942 1103 narras?
983 1067 1082 1120 ego
1122 1050 1180 1101 in
1213 1050 1421 1103 sacellis
1452 1050 1694 1118 proxime
1734 1066 1948 1103 anseres

258 1125 466 1192 inspexi
504 1125 719 1192 multOS,
757 1124 1023 1176 neminem
1054 1123 1165 1175 uidi
1189 1141 1438 1193 cygnum.
1477 1124 1689 1192 magnis
1715 1122 1946 1192 gutturi-
1991 1097 2029 1176 ἒ

257 1198 357 1250 bus
399 1199 576 1266 capita
607 1198 877 1266 attollunt,
916 1199 1029 1249 alas
1060 1215 1157 1265 pro
1196 1198 1443 1249 manibus
1469 1201 1674 1266 gerunt.
1710 1195 1954 1249 Primum

257 1271 398 1323 inter
453 1290 567 1324 sese
613 1272 859 1341 linguam
904 1271 1123 1323 trisulco
1175 1270 1392 1323 uibrant
1447 1270 1619 1323 sibilo.
1695 1270 1818 1322 inde
1856 1269 1951 1322 ubi

259 1345 497 1397 sonuerit
534 1363 686 1412 unus,
726 1345 900 1397 cuncti
933 1345 1046 1396 alas
1087 1345 1334 1411 quatiunt
1373 1344 1502 1395 diris
1542 1362 1662 1396 cum
1687 1343 1952 1413 clangori-
2000 1339 2027 1408 ἒ

257 1418 372 1470 bus.
418 1417 613 1470 MAND.
659 1417 787 1470 Non
824 1436 994 1486 paruo
1035 1418 1317 1485 explentur
1355 1417 1461 1469 isti.
1536 1416 1738 1486 Panem
1774 1433 1947 1486 neque
1995 1410 2024 1471 2³³

256 1495 527 1543 nonerunt
570 1509 742 1560 neque
788 1491 999 1560 uolunt,
1045 1490 1247 1543 hordea
1292 1491 1623 1543 insectantur
1678 1490 1850 1542 fracta
1897 1492 1952 1542 et
1986 1513 2025 1562 g,

257 1565 486 1633 madida,
527 1565 702 1633 spicas
725 1565 974 1617 nonnulli
1003 1567 1213 1617 uorant.
1243 1605 1248 1608 .
1292 1563 1520 1626 Quidam
1545 1564 1704 1616 etiam
1727 1563 1950 1632 polenta
1988 1552 2025 1668 ,ξ

257 1641 481 1691 utuntur
506 1641 560 1690 et
599 1657 755 1691 carne
794 1639 903 1690 iam
944 1638 1276 1691 subrancida.
1318 1636 1524 1690 SYCOF.
1562 1637 1652 1690 En
1675 1639 1949 1705 sumptum
1999 1663 2024 1707 3

256 1712 486 1765 inanem.
547 1711 743 1765 MAND.
796 1712 877 1764 De
914 1713 1032 1764 istis
1073 1711 1342 1780 quondam
1379 1729 1609 1780 magnus
1649 1710 1783 1763 dixit
1821 1709 1948 1762 Tul·

255 1785 382 1837 lius:
421 1785 751 1854 „Anseribus
785 1786 987 1838 cibaria
1009 1785 1223 1852 publice
1248 1785 1493 1836 locantur
1524 1787 1577 1836 et
1615 1802 1773 1836 canes
1798 1783 1949 1836 alun-

256 1862 345 1911 tur
389 1859 448 1910 in
488 1857 803 1927 Capitolio.“
878 1856 1082 1911 SYCOF.
1160 1857 1203 1909 O
1244 1875 1412 1927 genus
1453 1857 1733 1910 hominum
1771 1857 1949 1910 multi·

257 1931 426 1984 forme
452 1934 506 1984 et
543 1932 846 2000 multiplex!
886 1931 970 1983 his
1011 1934 1224 2000 egomet
1261 1930 1429 1983 fuisse
1462 1931 1693 1984 arbitror
1722 1933 1948 1992 matrem

370 2146 392 2184 1
424 2141 621 2196 licitum]
656 2141 725 2184 est
753 2152 836 2184 om.
861 2154 897 2196 p
922 2141 931 2197 Ι
957 2140 1133 2197 assdere
1166 2144 1217 2195 (u
1248 2141 1326 2195 er.)
1357 2142 1403 2184 P
1539 2145 1563 2183 2
1593 2139 1803 2183 Turbans
1832 2141 1895 2184 P¹
1929 2140 1934 2197 Ι
1992 2129 2020 2198 ῙῙ

256 2197 378 2249 Quid
397 2197 535 2253 plura
555 2197 777 2253 querole‘?
810 2214 845 2240 ω
867 2196 1065 2250 Querole
1088 2197 1173 2241 del.
1195 2197 1388 2243 Klinkh.
1421 2196 1534 2247 (uid.
1555 2196 1717 2249 infra),
1757 2196 1941 2251 quaeris

254 2266 333 2309 690
428 2259 454 2298 3
483 2256 565 2309 nes
593 2254 636 2309 (6
667 2253 747 2309 er.)
777 2252 823 2296 P
847 2253 854 2310 Ι
881 2253 1126 2309 quicquam
1157 2256 1198 2309 (c
1229 2258 1271 2297 et
1300 2267 1348 2295 m
1378 2253 1457 2309 al.)
1496 2251 1539 2296 V
1559 2255 1566 2306 1
1588 2251 1698 2319 111116
1727 2252 1787 2295 αῖ.
1818 2265 1875 2296 ss.
1897 2251 1944 2296 P
1993 2264 2013 2302 g

254 2329 282 2366 4
311 2324 428 2379 Atq;
459 2324 506 2367 P
593 2328 616 2367 7
647 2324 888 2381 plerorant
919 2323 971 2376 (h
1011 2323 1090 2379 er.)
1111 2323 1157 2366 P
1187 2324 1353 2377 [antae
1384 2324 1430 2367 P
1517 2327 1543 2366 8
1573 2321 1694 2366 'colla
1725 2326 1762 2367 δι
1787 2326 1842 2364 ca
1877 2321 1945 2366 ita
1995 2307 2018 2367 3?

255 2381 348 2435 (ΡΥ.
380 2382 434 2437 c.)
466 2379 510 2423 L
656 2385 707 2424 10
737 2379 861 2423 male
901 2379 1010 2423 libri
1045 2379 1151 2422 uale
1190 2378 1398 2435 Scaliyer
1540 2382 1591 2421 11
1623 2377 1806 2433 eligunt
1852 2378 1943 2422 ibri
2013 2444 2018 2459 Ι

256 2477 450 2521 eliciunt
483 2477 683 2541 Ganney.
819 2481 870 2520 15
899 2446 1069 2532 lingua⁸
1094 2477 1178 2531 (al.
1203 2492 1231 2540 ‚s
1261 2478 1337 2532 88.)
1374 2476 1418 2520 V
1441 2476 1602 2574 linqiua
1626 2487 1659 2530 p
1686 2478 1693 2526 Ι
1718 2474 1867 2538 sybilo
1898 2475 1944 2518 L
1989 2470 2017 2535 -j

257 2538 310 2577 16
338 2547 371 2577 s.
403 2533 598 2578 Plautus
636 2548 685 2576 m
727 2532 932 2586 Querulo
973 2533 1030 2576 de
1062 2534 1325 2577 anseribus:
1388 2532 1513 2576 Cunc
1571 2556 1625 2563 —
1648 2530 1945 2587 clangoribus
1992 2540 2017 2582 ‘a

254 2588 447 2634 Seruius
491 2590 555 2634 ad
591 2589 755 2646 Veryil.
788 2590 847 2633 A.
878 2589 976 2632 ΙΙΙ
999 2594 1081 2632 226
1127 2591 1134 2644 1
1175 2589 1555 2645 sonueritsssunus
1602 2589 1701 2642 (son
1733 2591 1818 2675 ἓν.)
1847 2586 1894 2630 Ρ
1932 2587 1942 2644 Ι
1979 2602 2017 2673 ’,ᾖ

256 2687 471 2742 quatiunt
493 2689 531 2741 (t
553 2701 628 2744 pr.
652 2702 725 2741 m.‚
755 2689 809 2731 in
830 2688 974 2732 locum
995 2702 1014 2730 s
1036 2688 1173 2742 erasi)
1196 2688 1240 2731 L
1266 2689 1272 2743 Ι
1299 2687 1420 2742 611111]
1451 2698 1537 2728 6011
1564 2683 1607 2727 V
1629 2685 1636 2741 Ι
1661 2685 1944 2742 clasgoribus
1978 2678 2017 2746 ‘ft'

1139 2755 1165 2776 n

256 2785 296 2839 (s
326 2786 407 2838 er.)
437 2786 483 2828 P
608 2791 659 2829 18
690 2754 814 2829 faeta
842 2787 888 2830 Ρ
1049 2791 1100 2829 21
1132 2786 1288 2830 {anem
1316 2785 1362 2829 P
1521 2787 1573 2825 22
1603 2782 1858 2826 Anseribus
1886 2805 1943 2814 -
1987 2769 2015 2835 2534:

255 2840 711 2954 &ffligugzessiclego
741 2854 824 2897 pro
851 2841 898 2887 S.
929 2840 1095 2887 Roscio
1128 2855 1164 2887 c.
1195 2841 1298 2885 XX
1325 2839 1348 2889 ἕ
1380 2843 1433 2883 56
1469 2838 1475 2894 1
1509 2838 1796 2883 collocantur
1822 2839 1870 2883 P
1928 2838 1939 2896 l
1990 2840 2013 2898 Ξ
