2032 3202
877 141 1173 184 „VI-

182 262 321 330 τερόν
366 284 413 315 τε
460 262 730 330 μαρανθεὶς
768 259 893 330 ——):
949 266 1262 314 subiciuntur
1308 265 1547 314 Personae
1585 267 1866 316 comoediae

184 358 309 404 quae
349 340 546 402 paginis
576 342 602 386 1
632 339 695 387 ad
722 341 788 388 69
818 332 900 404 (A.
934 339 971 400 j.
1011 339 1076 387 ad
1115 339 1171 386 E.
1211 331 1304 403 iij.)
1345 339 1625 401 perscripta
1662 341 1867 402 legitur.

182 409 507 479 (QVEROLVS‚
563 427 657 462 snv
704 412 1014 461 AvaLAmA
1061 413 1261 461 PLAvr1
1307 427 1526 466 ANTIQVI
1571 407 1865 479 Avc'roma)

181 491 294 550 post
347 488 430 536 fol.
478 487 534 533 E.
582 487 686 534 IIII
742 502 955 534 uacuum
1004 489 1239 534 secuntur
1291 487 1512 534 numeris
1566 488 1867 549 paginarum

181 561 402 610 carentia
447 560 551 609 foll.
603 561 657 608 F.
690 559 728 620 j.
768 560 832 607 ad
877 559 938 607 H.
972 559 1010 620 j.
1091 560 1144 606 in
1190 576 1400 622 quorum
1445 561 1607 622 primo
1645 560 1701 615 F.
1736 562 1773 622 j.
1812 562 1871 609 de

180 639 371 683 auclore
418 634 608 696 agitur,
659 634 712 680 F.
751 633 801 693 ij.
843 633 907 680 ad
948 632 990 680 G
1029 633 1182 680 VIIII
1226 634 1359 682 Petri
1404 634 1630 683 Danielis
1675 633 1870 682 Aurelii

180 712 319 757 notae
379 710 432 756 in
486 707 744 768 Querolu‘m
803 707 977 755 Plauti
1037 707 1275 768 leguntur
1337 700 1574 772 (quarum
1633 708 1687 755 in
1747 708 1865 755 fine:

181 781 464 830 Excudebat
499 781 621 830 Rob.
645 780 915 840 Stephanus
947 781 1271 841 typoqraplius
1307 783 1482 842 reyiuS,
1520 781 1747 837 ParisiiS,
1788 797 1868 830 an.

180 855 586 903 M.D.LXIIII.
625 868 736 903 non.
776 852 941 914 octob.)
982 854 1193 916 denique
1232 854 1266 902 f.
1305 853 1367 901 H.
1379 853 1416 913 j.
1457 858 1631 903 auctor
1669 855 1892 906 Lectori.

183 928 551 977 emendationes
607 928 799 989 aliquot
853 943 882 974 a
934 927 990 974 P.
1036 928 1200 976 Pitheo
1255 930 1483 988 acceptas
1540 929 1867 976 commendat.

183 1003 316 1051 Usus
358 1018 468 1050 sum
507 1001 778 1063 exemplari
817 1001 949 1062 quod
988 1003 1066 1048 est
1103 1001 1156 1047 in
1192 1001 1498 1049 bibliotheca
1533 1000 1867 1064 Gottingensi.

329 1076 544 1124 Exstant
574 1075 799 1122 Danielis
839 1090 1015 1122 curae
1057 1075 1352 1122 secundae
1383 1074 1578 1122 Bernae
1617 1076 1670 1122 in
1693 1076 1870 1123 biblio-

181 1151 327 1198 theca
364 1150 711 1211 Bongarsiana
757 1148 860 1196 cod.
902 1147 958 1195 G.
1004 1149 1107 1196 130
1146 1149 1283 1210 typis
1322 1164 1422 1196 non
1468 1149 1754 1209 mandatae,
1810 1149 1871 1196 de

186 1223 366 1286 quibus
413 1223 513 1270 uid.
560 1222 835 1269 Hermanni
880 1221 1080 1283 Hageni
1133 1222 1465 1270 conmentatio
1521 1223 1658 1277 „Der
1702 1223 1870 1275 Jusrist

180 1298 283 1346 und
318 1297 538 1357 Philoloq
575 1296 712 1344 Peter
756 1295 939 1344 Daniel
984 1310 1076 1344 aus
1125 1294 1340 1344 Or'leans.
1417 1296 1556 1343 Bern
1593 1287 1772 1344 18732‘
1822 1313 1868 1357 p.

189 1373 252 1418 12
306 1387 342 1418 s.
425 1371 484 1417 In
540 1370 610 1417 eis
660 1370 822 1417 editor
867 1368 1081 1416 indicem
1130 1384 1219 1416 sua
1264 1385 1415 1416 manu
1464 1369 1534 1417 sic
1580 1370 1872 1417 inmutauit:

186 1444 460 1501 QVEROLVS
495 1481 504 1491 .
538 1480 548 1491 .
583 1480 594 1490 .
628 1443 988 1492 castilionaeum
1013 1479 1023 1489 .
1048 1442 1215 1490 Editio
1253 1443 1462 1491 secunda
1497 1435 1502 1507 Ι
1537 1441 1836 1503 Aniverpiae
1863 1436 1869 1509 Ι

183 1518 266 1566 Ex
303 1519 502 1578 officina
528 1515 857 1577 Christophori
885 1516 1111 1564 Plantini
1145 1509 1152 1581 Ι
1189 1514 1254 1563 CI
1265 1515 1326 1564 31
1338 1515 1534 1565 DLXVI
1568 1511 1575 1580 Ι
1612 1515 1737 1565 Cum
1770 1519 1872 1576 pri-

184 1592 369 1652 uileyio.
447 1590 680 1639 Carmina
726 1590 821 1638 duo
870 1604 995 1651 quae
1042 1589 1168 1637 hanc
1215 1605 1399 1638 nouam
1447 1589 1715 1638 editionem
1763 1605 1873 1638 eon-

184 1665 478 1713 mendarent
518 1666 733 1711 alterum
770 1663 979 1711 Delivrii
1015 1662 1071 1711 P.
1111 1664 1327 1710 alterum
1365 1660 1624 1711 Francisei
1648 1663 1875 1712 Danielis
1958 1655 1961 1657 ’

185 1738 426 1801 Hagenus
473 1739 505 1786 l.
552 1739 583 1785 l.
631 1737 916 1799 descripsit3
973 1737 1190 1784 auctoris
1245 1735 1611 1798 praefationem
1665 1737 1873 1785 adiectis

188 1828 314 1875 quae
363 1815 414 1860 et
451 1812 504 1858 in
548 1812 638 1858 illa
684 1813 735 1858 et
780 1811 833 1858 in
870 1811 981 1871 ipsa
1020 1810 1273 1858 comoedia
1312 1810 1492 1858 Daniel
1530 1811 1872 1858 inmutauerat

189 1885 394 1943 (Daniel
423 1884 474 1950 2)
516 1883 733 1933 Orellius
773 1884 910 1932 dedit
947 1884 999 1930 in
1040 1885 1244 1943 epistula
1283 1886 1450 1932 critica
1474 1885 1538 1932 ad
1560 1885 1875 1944 Madumium

188 1976 236 2021 p.
275 1956 503 2006 LXXHI.
571 1956 771 2006 Aemilii
819 1958 1000 2006 Perolti
1053 1957 1113 2008 de
1168 1957 1433 2005 Aulularia
1489 1958 1756 2019 epistulam
1813 1957 1877 2005 ad

192 2032 495 2080 PDanielem
565 2047 691 2094 quae
761 2034 839 2079 est
908 2031 1040 2078 inter
1101 2031 1343 2092 epistulas
1406 2032 1748 2094 autographas
1812 2031 1875 2079 ab

190 2105 470 2168 Bongarsio
526 2106 773 2154 conlectas
819 2106 872 2151 in
910 2104 1014 2152 cod.
1061 2104 1303 2153 Bernensi
1347 2107 1445 2152 141
1507 2105 1731 2152 exhibuit
1787 2103 1873 2152 OG

194 2179 406 2227 Mueller
443 2195 602 2240 nuper
642 2179 903 2226 defunctus
942 2178 995 2225 in
1017 2176 1363 2227 Analectorum
1385 2179 1710 2228 Bernensium
1732 2178 1877 2226 fasci-

196 2253 305 2300 culo
354 2254 513 2300 altero
563 2253 648 2314 qui
689 2251 869 2300 Getam
905 2251 1090 2299 Vitalis
1139 2252 1444 2300 comoediam
1491 2252 1709 2300 eontinet
1754 2269 1802 2313 p.
1844 2253 1874 2299 8

196 2329 408 2386 not.·19‚
448 2327 572 2374 Lab.
597 2327 795 2374 Danaei
821 2324 1082 2387 Carolique
1107 2326 1287 2374 Perotli
1326 2326 1566 2387 epistulas
1607 2341 1665 2372 ex
1705 2325 1878 2373 eadem

196 2400 496 2448 conlectione
537 2399 692 2447 edidit
731 2399 970 2461 Hagenus
1009 2399 1042 2446 l.
1082 2399 1113 2446 1.
1154 2417 1200 2460 p.
1243 2401 1311 2448 33
1355 2402 1405 2446 et
1447 2400 1528 2446 14.

338 2555 517 2608 Plauti
557 2555 816 2617 Querolus
864 2555 976 2608 siue
1015 2555 1303 2615 Aulularia
1342 2555 1406 2607 ad
1449 2552 1748 2606 Camerarii
1787 2572 1874 2606 co-

197 2644 367 2695 dicem
421 2647 660 2696 ueterem
707 2644 880 2696 denuo
928 2644 1140 2696 collata.
1218 2643 1424 2696 Eadem
1465 2660 1496 2694 a
1534 2641 1716 2693 Vitale
1755 2641 1877 2694 Ble-

197 2731 339 2782 sensi
379 2730 617 2801 elegiaco
658 2731 891 2801 carmine
930 2732 1156 2799 reddita,
1196 2734 1250 2783 et
1279 2748 1422 2783 nunc
1447 2729 1679 2798 primum
1704 2729 1877 2796 publi-

195 2821 330 2870 cata.
352 2817 602 2871 ,Additae
627 2818 958 2888 RDanielis,
983 2814 1511 2886 QRittershusii,
1535 2817 1584 2870 J.
1611 2815 1875 2868 Gruteri

195 2909 370 2959 notae.
445 2906 528 2958 Ex
565 2907 964 2976 typographeio
1003 2907 1071 2959 H.
1113 2905 1448 2959 Commelini.
1495 2902 1768 2957 MDXCV.
